3794 6106
122 280 158 337 ῃ
863 263 1063 324 cnararte.
1736 266 1772 325 aa

125 395 243 453 offcium
258 394 365 466 incipit.
381 390 547 450 Corernonin
558 386 639 458 igitur
651 383 817 442 nlorationis
827 384 924 449 crucia,
939 388 963 446 Α
977 381 1078 439 lfissali
1092 397 1248 441 maeones
1269 383 1407 442 orationes
1428 383 1574 442 inseruisse
1596 399 1656 456 qaas
1679 383 1772 443 intrm·

127 503 188 561 urae
199 501 282 553 uiuae,
306 500 361 541 non
376 484 412 541 ini
427 483 454 539 io
474 480 567 546 offleii,
591 478 639 535 scd
658 484 721 549 post
739 474 926 544 indulgentias,
979 481 1047 540 tum,
1058 472 1115 531 site
1125 473 1234 545 officitur
1246 475 1280 529 ad
1287 475 1577 547 ruinosamraecedaut,
1589 476 1683 532 demate
1693 476 1775 533 etiam

127 576 283 650 peragitur,
295 575 407 645 antiqua
427 570 550 628 frabenda
571 577 623 636 cst,
644 577 671 624 ot
689 563 927 637 Gotho-llismna,
978 580 1041 622 enm
1054 575 1164 623 murelos
1178 566 1309 637 nltrrimos
1323 566 1471 624 Toletanos
1483 569 1585 625 sanctis
1598 569 1776 627 lfoaaralticis

126 669 282 742 qutanrrisa
298 666 374 721 lfoza
390 665 486 720 abibas
499 659 694 719 reccratioribus
709 658 771 713 ioco
785 672 835 711 soe
855 663 927 710 tuoto
978 655 1123 720 addidisse,
1151 672 1216 712 num
1239 658 1301 714 inde
1325 660 1446 729 seqraitur
1469 659 1576 716 blissafe
1599 660 1772 717 lfoaarabutu

128 757 222 825 fuerit,
242 765 271 812 ul
290 755 324 814 ad
338 752 548 812 consuetudines
566 748 695 806 Ecclesia
709 745 848 801 'feletanac
868 758 929 800 sese
978 743 1095 802 llimeuii
1109 748 1355 803 Sacranrentariunt
1366 746 1619 820 Gallio-ffispanum
1631 766 1685 806 non
1695 753 1773 809 esaei

128 855 216 920 magis
228 847 477 906 accommodarem.
491 843 591 914 Popula
604 857 688 911 meus,
701 848 766 899 etc..
788 852 804 892 a
825 835 929 891 Gotho·
979 833 1057 889 fland
1072 845 1147 906 puto.
1168 836 1236 892 Natu
1255 839 1277 892 si
1293 838 1407 900 sitnlfia,
1433 839 1487 893 iano
1504 839 1578 909 pitrra
1592 841 1775 897 additamenta

129 939 256 1012 Hispanis
270 937 336 997 olim
359 937 518 1002 currebatur,
542 940 571 990 et
583 931 683 987 adbuc.
704 928 731 984 in
754 926 895 984 Bretiario
913 938 929 978 a
980 941 1033 983 rton
1047 925 1168 984 efficiunt
1180 937 1208 983 ut
1223 929 1330 984 Missafe
1345 932 1496 984 flomaunm
1516 933 1602 987 satrcti
1624 931 1664 987 Pii
1685 932 1776 1000 Quinti

131 1032 321 1090 iforarabibus
334 1029 450 1086 curritur.
979 1019 1032 1074 dici
1048 1030 1164 1089 nequeat
1175 1021 1419 1078 Sacraurenlarium
1430 1023 1626 1092 Gregorianum
1637 1024 1735 1099 faarai,
1745 1033 1776 1081 ut

170 1126 233 1183 fib.
248 1122 312 1193 Sed,
333 1120 420 1192 inanit
442 1119 471 1174 Ρ.
489 1117 525 1174 Le
540 1115 622 1183 llrnn,
637 1111 746 1169 rubrica
764 1125 816 1181 quia
838 1105 931 1178 praci-
981 1110 1038 1179 ipse
1051 1109 1083 1165 P.
1099 1109 1135 1166 be
1146 1111 1216 1170 flrun
1240 1125 1334 1185 aperte
1347 1114 1431 1169 docet
1446 1114 1507 1186 (d);
1527 1116 1592 1186 qnid
1612 1125 1654 1170 est
1673 1132 1723 1170 cur
1734 1115 1777 1170 di-

135 1220 209 1290 pltur
223 1225 251 1272 nt
264 1215 393 1273 diaconus
406 1221 434 1269 et
452 1209 648 1273 subdiaconus,
664 1206 752 1262 missac
774 1200 932 1274 praesancti·
981 1216 1074 1257 eauros
1095 1200 1202 1260 liissale
1223 1202 1339 1259 lirareuii
1362 1205 1607 1262 sacramenta-ann
1628 1205 1778 1263 Μοιιηιιί-

134 1311 277 1367 licaloruut
297 1302 473 1362 ministraturi
488 1297 604 1376 [narrari.
618 1297 771 1353 dalntatiras
787 1297 875 1367 niueas
891 1293 932 1349 in·
982 1307 1043 1346 cum
1057 1293 1149 1351 baberi
1166 1311 1220 1350 nou
1236 1296 1337 1366 posse?

133 1403 230 1468 duam,
249 1401 386 1456 recentior
399 1397 493 1466 utique
512 1402 563 1460 est,
585 1407 647 1447 nam
666 1389 755 1446 tunica
774 1384 932 1443 subdiaconi
1020 1384 1080 1439 lli.
1103 1382 1248 1454 Praeterea,
1263 1386 1334 1441 unde
1349 1388 1598 1448 frabnitflablesiua
1612 1392 1779 1450 cardiuafeta

134 1490 278 1546 carnaea
296 1487 462 1552 nominatur,
482 1480 556 1556 quod
580 1497 675 1538 recens
691 1488 742 1544 est,
759 1478 855 1539 fatear,
878 1477 933 1532 irno
983 1471 1136 1531 Ximcnium
1151 1475 1208 1533 baec
1222 1479 1314 1532 omnia
1327 1477 1427 1532 lfissu'i
1440 1479 1613 1537 lfozarabnm
1629 1484 1781 1541 addidisset

135 1580 205 1636 adeo
222 1594 328 1648 recem,
348 1585 379 1634 ut
399 1592 433 1634 ae
450 1592 523 1634 naue
540 1573 648 1645 quidem
668 1573 756 1628 tunica
775 1568 933 1627 subdiaconi
982 1562 1094 1633 innan:
1111 1564 1197 1621 Nemo
1216 1580 1317 1635 necare
1339 1577 1428 1637 aalma
1449 1571 1586 1626 orationes
1608 1573 1683 1642 istas,
1710 1589 1780 1644 nem

135 1671 246 1743 proprie
258 1671 401 1727 drbnrtira
413 1669 528 1727 dicatur.
545 1671 580 1723 dt
591 1667 635 1722 ille
649 1665 702 1722 froc
716 1664 797 1720 unico
810 1662 934 1732 exemplo
984 1655 1110 1712 diatittcle
1122 1656 1244 1711 admitti
1267 1655 1417 1723 uenturus,
1443 1660 1468 1714 in
1483 1660 1582 1715 blissafi
1606 1661 1780 1718 Mozarabenr

136 1761 209 1816 maie
223 1760 319 1831 urebat
339 1767 453 1818 ceteros
472 1759 540 1816 ritus
557 1755 671 1812 blissalis
689 1753 816 1818 Ximcnii,
831 1753 876 1824 qui
895 1749 930 1808 ad
948 1737 968 1796 Β
984 1748 1108 1805 inueniri.
1134 1747 1210 1815 Esto,
1226 1758 1256 1804 at
1276 1751 1339 1806 trude
1353 1767 1406 1806 nan
1420 1753 1542 1821 secutum
1553 1769 1601 1809 eas
1616 1755 1780 1811 confinalem

136 1848 227 1906 attica
238 1851 381 1907 sanctioris
395 1848 570 1907 bebdomada
584 1847 732 1922 pertinent,
747 1860 837 1901 amnes
851 1846 933 1916 {nne
984 1837 1139 1895 Ximeniuur
1157 1839 1298 1909 aljecise.
1325 1840 1429 1908 Qnidsi
1446 1857 1461 1898 a
1484 1844 1670 1900 sacerdotibus
1691 1843 1782 1902 boas

136 1944 304 2000 recentiores
319 1957 396 2008 esse;
418 1955 507 1996 nonne
526 1955 633 2010 mquam
649 1938 735 2008 magis
748 1934 840 1992 fuisset
861 1935 933 1991 osci·
984 1931 1093 1990 rubibus
1116 1940 1180 1986 ante
1196 1931 1380 2002 enbcooaturu
1405 1931 1522 1989 Ximenii
1540 1935 1638 1990 additu
1661 1934 1781 1992 fucrutf

137 2033 252 2087 mutiam
274 2042 302 2088 et
321 2032 520 2093 festinationem
538 2029 709 2087 amanuensis
728 2041 873 2092 accurens,
888 2026 934 2096 qni
985 2021 1127 2080 Rabiesias
1139 2023 1237 2079 asserit
1250 2022 1357 2092 quidem
1372 2023 1502 2094 pleraque
1512 2023 1696 2080 additamenta
1711 2027 1782 2081 far-ta

137 2123 254 2179 debebat
264 2123 390 2196 seruisse
400 2133 424 2178 et
438 2123 562 2178 diaconas
571 2121 751 2190 infamarunt,
761 2119 934 2175 subdiaconus
984 2114 1067 2172 suisne
1082 2115 1181 2172 lfissafi
1196 2118 1224 2171 in
1237 2115 1409 2171 trutinatione
1432 2125 1518 2171 leatus
1532 2116 1637 2172 Gatftlci
1661 2119 1689 2173 iu
1709 2117 1783 2174 buti·

138 2216 288 2271 uniretur
312 2216 403 2289 rriqrss
429 2215 555 2287 accipiat,
583 2221 630 2271 aut
654 2222 728 2270 certe
756 2212 935 2285 ignorantiam
985 2228 1057 2267 aaut.
1079 2214 1180 2268 utnon
1205 2212 1305 2267 indicat
1325 2212 1396 2268 tttufe
1418 2213 1470 2268 ista
1490 2212 1623 2268 anecdota
1646 2212 1782 2269 babuerit.

137 2305 296 2376 scriptorist
315 2304 400 2372 Nam,
421 2320 481 2361 curn
505 2304 665 2361 subdiaconi
692 2303 796 2367 tunica,
822 2301 936 2357 matricis
985 2302 1046 2374 ipse
1060 2318 1114 2359 non
1136 2301 1258 2359 interfuit
1272 2301 1388 2357 Editioni
1413 2302 1539 2368 ttssun,
1563 2303 1612 2358 sed
1625 2313 1734 2359 ceruum
1756 2313 1785 2362 el

138 2397 282 2464 duntaxat,
302 2412 363 2468 quae
386 2397 508 2453 nonnihil
529 2398 679 2454 strictiores
699 2405 770 2462 nunt,
794 2410 809 2452 a
829 2395 936 2452 diaconi
986 2396 1101 2466 antelios
1114 2411 1200 2453 anctos
1216 2403 1277 2465 nost
1299 2395 1401 2450 editum
1422 2394 1528 2450 liissale
1550 2396 1606 2451 lucc
1622 2396 1656 2451 de
1676 2396 1785 2452 addita·

132 2485 294 2550 'dalmatica
308 2486 519 2554 discriminetur,
538 2486 618 2543 facile
634 2494 695 2542 erat
707 2486 833 2559 scriptori
848 2485 937 2540 utinos
987 2489 1085 2545 rncrttis
1095 2504 1110 2545 a
1120 2487 1247 2544 Xirrreoio
1264 2489 1352 2552 factis,
1368 2489 1394 2543 fn
1410 2487 1526 2544 ilistoria
1538 2489 1574 2543 de
1588 2488 1649 2545 Vita
1665 2500 1690 2545 et
1705 2490 1784 2545 rebar

140 2588 268 2636 accurate
291 2576 458 2635 dalinaticarn
482 2595 532 2652 pro
557 2578 690 2635 Tuuiceffn
711 2579 860 2649 accepisse.
882 2577 937 2637 Sed
987 2579 1202 2649 nntisenrsteu
1216 2579 1370 2644 cardinalis,
1392 2578 1489 2645 foleti,
1506 2594 1577 2634 anno
1593 2578 1672 2645 ltfll,
1687 2579 1785 2651 ffl‘fl'·

139 2669 214 2740 quia,
229 2670 253 2726 si
267 2670 415 2741 antiquitus
429 2670 510 2725 etiarn
525 2669 680 2726 sttlrdiaconi
691 2668 938 2726 dalmatioaindue-
988 2673 1050 2729 nice
1064 2673 1158 2738 edidit,
1179 2688 1229 2729 nec
1246 2673 1329 2729 allum
1344 2687 1374 2729 aa
1386 2672 1567 2744 antiquiorem
1587 2673 1679 2728 laudat
1699 2675 1785 2745 scrip·

140 2759 249 2824 bantur,
262 2768 291 2815 nt
303 2761 346 2816 tir
357 2762 477 2817 eruditus
492 2760 625 2832 loscpbos
639 2760 797 2818 vicecomes
812 2777 847 2832 on
859 2769 938 2829 nafttr
988 2777 1086 2830 torem,
1098 2767 1144 2837 qrri
1159 2769 1306 2823 asseruerit
1321 2765 1427 2822 blissafe
1443 2764 1614 2822 Heaarabunr
1629 2781 1644 2820 a
1657 2765 1785 2822 cardinali

143 2854 203 2926 (an
214 2853 315 2926 Utique
327 2853 470 2912 dicendum
484 2870 589 2912 errasse
602 2855 736 2913 eruditum
748 2854 785 2910 le
799 2853 937 2925 liranum
988 2856 1114 2914 llinrenio
1126 2856 1207 2914 fnisse
1222 2859 1425 2928 interpolatum.

141 2946 364 3002 consuetudinem
379 2947 516 3016 antiquam
530 2946 657 3001 nouitatis
677 2946 829 3002 accusatiti
1026 2949 1086 3007 lii.
1108 2950 1209 3005 flerunt
1233 2964 1342 3019 quoque
1364 2950 1525 3018 ignorantia,
1551 2964 1604 3019 qna
1628 2949 1782 3006 flnldesiura

178 3035 241 3091 fil.
258 3035 446 3103 Nihilominus,
457 3036 592 3107 inquiunt,
607 3037 700 3105 negari
715 3051 768 3091 nou
782 3044 871 3106 potest
883 3033 938 3090 Eu·
990 3040 1128 3096 laborasse
1144 3055 1178 3095 ex
1192 3040 1245 3094 boc
1261 3040 1319 3109 ipso
1333 3039 1393 3094 loco
1408 3049 1532 3110 apparet,
1557 3039 1616 3108 ejus
1637 3040 1786 3094 arroterita-

140 3126 250 3196 reaturo
271 3125 305 3182 (¹0
323 3125 434 3193 Rflbfesss
456 3122 515 3182 ’Μ’
526 3127 556 3193 li·
574 3127 645 3197 illud
661 3134 784 3183 sanctum
805 3124 935 3191 barma,
950 3086 975 3154 c
990 3142 1045 3189 tera
1066 3130 1107 3187 raf
1118 3134 1143 3187 fe
1157 3131 1262 3187 minuit.
1290 3129 1348 3185 Non
1363 3131 1434 3185 enirn
1448 3131 1581 3184 intellexit
1599 3129 1705 3184 titolum
1720 3126 1786 3185 Nis-

143 3217 294 3289 parneium
311 3216 509 3276 bfoaarabicum
532 3218 673 3275 tradidisse
693 3217 799 3274 blissale
817 3216 939 3273 lfoaara·
988 3224 1053 3281 safs's
1066 3223 1147 3291 misti,
1167 3237 1217 3278 nec
1232 3228 1346 3277 nouerat
1370 3221 1437 3276 rius
1460 3220 1574 3277 faciendi
1597 3221 1786 3290 ceritaniam

139 3306 243 3374 bieum,
258 3322 319 3363 cum
333 3307 403 3380 tynis
419 3292 556 3373 ederetur,
568 3308 644 3377 jussu
661 3308 805 3364 cardinalis
823 3306 938 3365 Ximenii
989 3315 1017 3370 in
1032 3314 1113 3369 arrasa
1129 3311 1180 3383 (e),
1194 3321 1222 3367 et
1235 3309 1367 3366 salutandi
1382 3324 1490 3365 crtteern
1505 3310 1531 3365 in
1544 3323 1592 3363 ara
1606 3309 1720 3379 cundram
1732 3307 1786 3381 (f),

143 3398 336 3469 interpolatum
357 3399 507 3467 foissc;sic
522 3401 593 3455 enim
616 3400 710 3457 scribit
722 3400 778 3471 fit:
794 3401 938 3457 riutandans
989 3406 1115 3474 antiquina
1137 3418 1207 3460 esse.
1236 3401 1346 3458 lfidetar
1368 3401 1450 3456 etiarn
1476 3401 1602 3470 eninatns
1628 3400 1734 3456 lfissale
1760 3412 1787 3458 et

143 3491 242 3546 cerain
261 3492 431 3561 impressione
450 3488 564 3548 ffissalis
588 3489 766 3558 dozarabiti,
781 3509 859 3562 manns
879 3490 939 3561 fieri
990 3495 1155 3551 Brevimistu
1176 3493 1347 3549 lfozarabum
1370 3492 1459 3559 lingua
1480 3491 1593 3545 firttbiru
1610 3489 1692 3546 finisse
1706 3505 1783 3547 com·

143 3584 218 3656 itant
232 3582 375 3638 cardiuafis
390 3581 547 3638 Frutrcisrtta
560 3581 710 3650 Ximeuius,
725 3585 939 3653 Arciiepisronua
989 3589 1088 3658 posita,
1113 3597 1143 3641 nt
1156 3588 1303 3656 futternrcte
1322 3599 1391 3654 onus
1405 3582 1495 3647 futuit,
1517 3583 1563 3652 quai
1579 3591 1677 3637 fertura
1693 3581 1788 3638 aaut·

144 3672 301 3739 Toletanis,
324 3676 389 3730 etin
409 3675 578 3733 translatione
596 3675 799 3732 tertrrsGotfriai
820 3678 847 3731 iu
863 3675 938 3731 tart·
989 3696 1046 3735 ram
1067 3677 1095 3733 in
1115 3676 1238 3732 Latinam
1252 3675 1420 3732 transferret.
1449 3674 1595 3743 Litomiatn
1619 3673 1787 3741 Ronrauanr,

143 3784 215 3832 nana,
239 3784 299 3821 euna
314 3767 460 3834 addidisse,
484 3768 755 3840 plerosqueesanctis
774 3768 850 3838 ‹affirii
864 3767 939 3822 Tole-
993 3786 1074 3840 qrratn
1090 3770 1211 3825 Ecclesia
1235 3766 1384 3834 folrtaua,
1408 3765 1509 3822 sacrun
1524 3781 1550 3819 xa
1566 3765 1599 3818 ad
1626 3764 1705 3841 finem
1727 3776 1788 3821 aar·

144 3861 199 3913 tani
212 3860 321 3925 ueteris,
335 3867 360 3912 et
379 3861 476 3914 sanctis
491 3857 666 3914 bfaaarafticia
689 3860 833 3924 miscuisse,
857 3875 940 3930 eppo·
988 3873 1078 3931 gente
1090 3870 1257 3931 susceperat,
1268 3861 1384 3917 officinm
1399 3857 1645 3914 vetus'fofetauum
1658 3857 1785 3928 appellat.

143 3950 227 4003 atissa
239 3949 318 4003 etiarn
330 3949 416 4004 saissa
429 3949 575 4020 §ramalem
590 3951 786 4020 confessionem,
803 3965 861 4002 cuna
874 3965 938 4002 ora·
988 3953 1145 4022 deseritque
1159 3950 1311 4004 ilirucniutn
1329 3949 1427 4004 lfiaaff
1439 3964 1489 4004 suo
1500 3949 1632 4018 adjecisse
1652 3948 1787 4018 ebraeus

145 4041 215 4094 tione
237 4039 400 4094 adorationis
414 4041 513 4105 crucis,
540 4048 696 4110 celeratque
717 4040 863 4106 arationes,
879 4055 939 4109 atate
988 4043 1113 4096 asanctis
1126 4042 1203 4111 efficii
1216 4040 1334 4095 Toletani
1348 4042 1450 4104 arteris,
1465 4049 1489 4094 ef
1500 4042 1598 4093 sarrctis
1610 4038 1787 4094 ffoaarabfafs

144 4128 353 4185 internarium
375 4127 513 4194 dicantur,
537 4137 560 4180 at
575 4142 660 4184 suste
683 4129 710 4181 in
724 4128 779 4198 fine
792 4129 891 4195 titisse,
914 4137 938 4182 et
988 4132 1132 4197 miscuisse,
1156 4146 1216 4200 unae
1229 4129 1310 4185 rerba
1332 4130 1411 4198 plaute
1427 4130 1492 4182 faba
1507 4137 1579 4190 satu,
1601 4130 1650 4182 nisi
1666 4130 1789 4185 alludant

144 4217 939 4289 qninfrrrcetabrentesufiaadjecit,iafeodissafefrancin-
988 4224 1226 4284 adffafrndarium
1242 4223 1341 4279 blissali
1363 4220 1483 4276 X·trtenii
1509 4220 1687 4292 premissum,
1715 4221 1788 4290 quoti

144 4307 314 4376 “fillum
336 4307 413 4362 '¹⁰⁶st
429 4307 546 4364 5¹¹⁵&OE
560 4324 670 4376 ¹⁸¹⁵T¹l¹r
687 4321 741 4365 ⁰¹0·
756 4320 782 4364 0¹
798 4309 865 4365 infla
881 4310 937 4382 (⁶)ss
989 4322 1022 4377 ad
1036 4320 1143 4376 blissafe
1156 4313 1221 4372 nibil
1236 4315 1362 4386 pertinet,
1379 4323 1407 4368 et
1420 4313 1470 4368 nisi
1485 4311 1595 4366 nomine
1609 4310 1690 4367 offleii
1706 4310 1788 4367 'fofe-

143 4400 218 4457 ffirac
233 4418 246 4456 s
261 4403 619 4475 quiturpferosqaeaancfaa,
644 4412 688 4456 atil
702 4404 827 4473 maiorem
849 4421 936 4458 eorum
992 4415 1047 4468 iant
1070 4412 1168 4469 vereris
1191 4409 1355 4477 intelligatur
1376 4405 1482 4474 liturgia
1507 4403 1639 4468 Romaua,
1664 4416 1788 4474 temnere

143 4495 402 4568 posnaniensibus
417 4496 510 4550 dicitur
524 4495 665 4551 Commune
678 4506 842 4557 satiatorum,
864 4496 939 4568 adje-
992 4503 1122 4575 dlplronsi
1136 4501 1180 4564 ft,
1197 4499 1285 4555 l'ofeti
1299 4507 1433 4569 suscepta.
1462 4497 1526 4552 Nam
1541 4496 1714 4551 manifestum
1733 4505 1787 4560 eat,

143 4598 202 4642 ctos
219 4587 338 4658 friatur
354 4587 510 4641 iniuriosa
528 4586 668 4642 francisca
692 4588 827 4644 cardinale
849 4587 940 4642 Xime-
991 4605 1019 4650 nt
1043 4593 1206 4648 exantinanti
1231 4592 1344 4661 patebit,
1372 4589 1479 4645 ltissate
1505 4587 1618 4644 linteati
1648 4604 1681 4643 tre
1707 4603 1788 4645 uriam

143 4692 204 4740 nes,
216 4677 244 4729 in
259 4678 429 4731 translatione
451 4684 536 4731 textas
551 4676 653 4732 fiatfrici
667 4679 694 4731 in
708 4675 829 4732 latinum
840 4695 936 4734 urnae·
990 4685 1100 4755 nitidem
1114 4683 1223 4737 missam
1236 4680 1395 4736 recentioris
1408 4680 1496 4735 sancti
1510 4679 1621 4744 babere,
1644 4688 1691 4733 aut
1706 4695 1787 4749 quent

143 4784 216 4825 atem.
239 4766 304 4827 lior
316 4768 373 4837 ille,
388 4767 459 4825 unde
472 4769 648 4834 concludunt,
674 4770 696 4824 si
711 4769 840 4824 ftoblesio
863 4768 940 4836 fides,
992 4775 1112 4830 Ecclesia
1126 4771 1349 4841 Gotho-Hispana
1366 4772 1455 4841 prisco
1468 4787 1545 4826 urora
1559 4787 1612 4826 nou
1626 4771 1719 4827 coluit.

145 4859 226 4916 fateri
248 4874 363 4918 neccsse
383 4874 444 4916 ease
467 4860 632 4917 cardinalem
656 4859 809 4918 Ximenium
833 4861 941 4919 lfissafe
1029 4865 1090 4922 las.
1110 4866 1221 4921 Domum
1248 4864 1402 4936 fllpfrnnsus
1427 4863 1512 4930 0rtiz,
1539 4882 1618 4936 queat
1642 4863 1788 4921 cardinalis

144 4951 243 5007 ritibus
255 4960 283 5007 et
293 4951 395 5008 sanctis
407 4949 544 5010 Toletanis
554 4952 742 5025 interpolasse,
757 4953 826 5010 adea
837 4954 940 5013 utilis·
993 4959 1133 5020 Xtrrrenius
1154 4957 1270 5014 filitiani
1283 4958 1397 5014 lfimalis
1409 4967 1438 5012 et
1452 4957 1579 5012 breviarii
1593 4966 1787 5028 praeposuerat,

143 5039 205 5099 tale
215 5039 388 5097 lfoaarabnm
404 5040 474 5113 tyois
490 5040 592 5098 editura
609 5057 660 5100 nse
672 5040 941 5116 Gedru-diseamus,
992 5068 1099 5108 emnem
1114 5053 1192 5107 fldem
1209 5052 1356 5108 narrationi
1370 5050 1488 5108 floblesii
1504 5050 1638 5115 detratiit;
1659 5051 1682 5107 is
1701 5047 1787 5116 enirn,

143 5149 200 5190 Μ
213 5133 410 5190 Μηδῑθῦῐῠ
422 5133 474 5188 illel
489 5134 597 5190 debeat.
993 5146 1020 5201 in
1033 5145 1155 5215 enisloiis
1166 5142 1341 5201 dedicatoriis
1355 5141 1453 5199 blissali
1468 5151 1496 5197 ct
1510 5141 1649 5197 Breriario
1667 5141 1787 5214 ornatis·

180 5223 243 5280 lv„
258 5224 311 5281 Sed
323 5224 407 5281 molta
422 5235 484 5280 sunt
494 5239 554 5297 quite
568 5228 621 5282 rim
631 5226 714 5296 boatu
728 5230 941 5298 argumentatio·
992 5238 1040 5302 sis,
1059 5234 1213 5292 Ximenium
1237 5236 1387 5305 alloquens,
1409 5233 1472 5305 quid
1487 5232 1537 5287 sibi
1558 5232 1713 5288 mandatum
1726 5231 1787 5290 fae·

144 5319 188 5377 ais
202 5314 525 5390 Mittunt-Biblifflllm
539 5317 713 5384 ⁰⁰¹¹oed¹lllr0
728 5316 878 5377 Xitbessltlttt
893 5337 942 5378 ⁵1¹⁰
992 5340 1044 5395 rat,
1060 5328 1164 5400 etquid
1179 5330 1205 5384 in
1219 5327 1342 5384 Editione
1359 5325 1473 5381 blissaiis
1488 5332 1516 5378 ct
1536 5323 1664 5379 Bteriarii
1678 5325 1786 5395 prmu-

182 5454 222 5525 (a)
236 5454 371 5519 insenius
383 5452 555 5520 fmecomes,
570 5454 603 5510 de
617 5452 720 5526 appar.
741 5456 838 5521 missa.
853 5455 900 5513 tia.
913 5473 941 5526 r,
1028 5459 1158 5529 (alliud,
1176 5474 1234 5527 cap.
1252 5460 1295 5513 55.
1356 5527 1361 5537 Ι
1442 5489 1474 5540 .·
1684 5527 1690 5541 ⁸

144 5522 371 5677 “fildliritgidus
394 5594 429 5678 tle
452 5593 566 5678 llobles,
587 5594 621 5650 de
636 5594 697 5650 vna
712 5607 740 5649 et
755 5597 837 5654 rebus
860 5599 943 5668 restis
993 5525 1500 5668 inquisibili&gwfa'fff'gffi'fw
1528 5535 1595 5586 tom·
1609 5525 1641 5595 n,
1665 5527 1720 5586 dm
1754 5540 1784 5594 tt,

144 5664 283 5746 Frenis-asca
297 5662 578 5732 cardtnnftthmeuu,
605 5680 666 5735 can.
680 5665 729 5731 52,
754 5671 824 5738 mind
838 5685 892 5725 cnr.
908 5673 942 5727 de
1030 5672 1066 5736 fri
1087 5670 1154 5751 ifitle
1166 5678 1244 5722 arotaa
1258 5681 1319 5750 nait.
1337 5664 1398 5721 5³7.

147 5737 271 5808 deniare,
284 5734 392 5793 tantu
405 5734 490 5796 conc.
504 5733 592 5810 lise,
604 5735 744 5812 cmliii.
1029 5744 1067 5815 (st
1084 5740 1163 5806 ibai..
1177 5752 1238 5812 pag.
1255 5736 1316 5795 ⁵35.
