<?xml version="1.0" encoding="UTF-8"?>
<!DOCTYPE html PUBLIC "-//W3C//DTD XHTML 1.0 Transitional//EN"
    "http://www.w3.org/TR/xhtml1/DTD/xhtml1-transitional.dtd">
<html xmlns="http://www.w3.org/1999/xhtml" xml:lang="en" lang="en">
 <head>
  <title>
</title>
<meta http-equiv="Content-Type" content="text/html;charset=utf-8" />
  <meta name='ocr-system' content='tesseract 3.04.00' />
  <meta name='ocr-capabilities' content='ocr_page ocr_carea ocr_par ocr_line ocrx_word'/>
</head>
<body>
  <div class='ocr_page' id='page_1' title='image "./patrologiaecurs79unkngoog_0358.png"; bbox 0 0 3772 6120; ppageno 0'>
   <div class='ocr_carea' id='block_1_1' title="bbox 123 346 1754 414">
    <p class='ocr_par' dir='ltr' id='par_1_1' title="bbox 123 346 1754 414">
     <span class='ocr_line' id='line_1_1' title="bbox 123 346 1754 414; baseline 0.003 -13"><span class='ocrx_word' id='word_1_1' title='bbox 123 350 173 404; x_wconf 68' lang='lat' dir='ltr'><strong>cdl</strong></span> <span class='ocrx_word' id='word_1_2' title='bbox 482 346 631 408; x_wconf 80' lang='lat' dir='ltr'><strong>tttsssto</strong></span> <span class='ocrx_word' id='word_1_3' title='bbox 650 346 783 403; x_wconf 78' lang='lat' dir='ltr'><strong>illstott</strong></span> <span class='ocrx_word' id='word_1_4' title='bbox 803 347 876 405; x_wconf 81' lang='lat' dir='ltr'><strong>sot..</strong></span> <span class='ocrx_word' id='word_1_5' title='bbox 898 346 978 403; x_wconf 82' lang='lat' dir='ltr'><strong>REG.</strong></span> <span class='ocrx_word' id='word_1_6' title='bbox 1001 348 1030 405; x_wconf 91' lang='lat' dir='ltr'><strong>o.</strong></span> <span class='ocrx_word' id='word_1_7' title='bbox 1053 348 1188 414; x_wconf 78' lang='lat' dir='ltr'><strong>tslooltt.</strong></span> <span class='ocrx_word' id='word_1_8' title='bbox 1209 378 1243 392; x_wconf 89' lang='lat'>-</span> <span class='ocrx_word' id='word_1_9' title='bbox 1263 351 1351 408; x_wconf 66' lang='lat' dir='ltr'><strong>totns</strong></span> <span class='ocrx_word' id='word_1_10' title='bbox 1371 352 1403 406; x_wconf 86' lang='lat' dir='ltr'><strong>ii.</strong></span> <span class='ocrx_word' id='word_1_11' title='bbox 1703 352 1754 409; x_wconf 76' lang='lat' dir='ltr'><strong>ost</strong></span> 
     </span>
    </p>
   </div>
   <div class='ocr_carea' id='block_1_2' title="bbox 81 456 1762 4815">
    <p class='ocr_par' dir='ltr' id='par_1_2' title="bbox 81 456 1762 4815">
     <span class='ocr_line' id='line_1_2' title="bbox 121 456 1753 535; baseline 0.005 -21"><span class='ocrx_word' id='word_1_12' title='bbox 121 463 209 528; x_wconf 76' lang='lat' dir='ltr'><strong>Quem</strong></span> <span class='ocrx_word' id='word_1_13' title='bbox 232 456 382 514; x_wconf 81' lang='lat' dir='ltr'><strong>reitertdutn</strong></span> <span class='ocrx_word' id='word_1_14' title='bbox 410 471 485 514; x_wconf 81' lang='lat' dir='ltr'><strong>ntare</strong></span> <span class='ocrx_word' id='word_1_15' title='bbox 508 457 611 527; x_wconf 89' lang='lat' dir='ltr'><strong>accepit</strong></span> <span class='ocrx_word' id='word_1_16' title='bbox 635 476 642 509; x_wconf 89' lang='grc'>;</span> <span class='ocrx_word' id='word_1_17' title='bbox 664 473 717 510; x_wconf 86' lang='lat' dir='ltr'><strong>nuit</strong></span> <span class='ocrx_word' id='word_1_18' title='bbox 745 457 889 512; x_wconf 90' lang='lat' dir='ltr'><strong>tenendum</strong></span> <span class='ocrx_word' id='word_1_19' title='bbox 906 475 912 509; x_wconf 75' lang='grc' dir='ltr'>ι</span> <span class='ocrx_word' id='word_1_20' title='bbox 929 458 1061 518; x_wconf 74' lang='grc' dir='ltr'>Αιιιοιίιι</span> <span class='ocrx_word' id='word_1_21' title='bbox 1077 460 1169 515; x_wconf 88' lang='lat' dir='ltr'><strong>celesti</strong></span> <span class='ocrx_word' id='word_1_22' title='bbox 1182 461 1278 531; x_wconf 82' lang='lat' dir='ltr'><strong>jubare</strong></span> <span class='ocrx_word' id='word_1_23' title='bbox 1295 463 1416 518; x_wconf 72' lang='lat' dir='ltr'><strong>radiasti.</strong></span> <span class='ocrx_word' id='word_1_24' title='bbox 1432 463 1465 519; x_wconf 81' lang='lat' dir='ltr'><strong>Et</strong></span> <span class='ocrx_word' id='word_1_25' title='bbox 1477 466 1520 535; x_wconf 89' lang='lat' dir='ltr'><strong>qui</strong></span> <span class='ocrx_word' id='word_1_26' title='bbox 1531 464 1632 521; x_wconf 84' lang='lat' dir='ltr'><strong>atbtete</strong></span> <span class='ocrx_word' id='word_1_27' title='bbox 1648 467 1684 522; x_wconf 87' lang='lat' dir='ltr'><strong>tui</strong></span> <span class='ocrx_word' id='word_1_28' title='bbox 1700 467 1753 522; x_wconf 88' lang='lat' dir='ltr'><strong>bu·</strong></span> 
     </span>
     <span class='ocr_line' id='line_1_3' title="bbox 121 548 1754 622; baseline 0.006 -15"><span class='ocrx_word' id='word_1_29' title='bbox 121 567 240 621; x_wconf 84' lang='lat' dir='ltr'><strong>eumque</strong></span> <span class='ocrx_word' id='word_1_30' title='bbox 253 552 293 605; x_wconf 89' lang='lat' dir='ltr'><strong>sie</strong></span> <span class='ocrx_word' id='word_1_31' title='bbox 302 559 440 606; x_wconf 76' lang='lat' dir='ltr'><strong>enumeret</strong></span> <span class='ocrx_word' id='word_1_32' title='bbox 456 566 462 602; x_wconf 78' lang='lat' dir='ltr'><strong>a</strong></span> <span class='ocrx_word' id='word_1_33' title='bbox 478 562 512 604; x_wconf 90' lang='lat' dir='ltr'><strong>ne</strong></span> <span class='ocrx_word' id='word_1_34' title='bbox 526 557 651 604; x_wconf 83' lang='lat' dir='ltr'><strong>roraret:</strong></span> <span class='ocrx_word' id='word_1_35' title='bbox 666 548 703 603; x_wconf 93' lang='lat' dir='ltr'><strong>ita</strong></span> <span class='ocrx_word' id='word_1_36' title='bbox 717 549 829 604; x_wconf 82' lang='lat' dir='ltr'><strong>bortrine</strong></span> <span class='ocrx_word' id='word_1_37' title='bbox 843 548 875 603; x_wconf 90' lang='lat' dir='ltr'><strong>ad</strong></span> <span class='ocrx_word' id='word_1_38' title='bbox 889 559 915 603; x_wconf 94' lang='lat' dir='ltr'><strong>te</strong></span> <span class='ocrx_word' id='word_1_39' title='bbox 968 549 1041 604; x_wconf 79' lang='lat' dir='ltr'><strong>irritae</strong></span> <span class='ocrx_word' id='word_1_40' title='bbox 1055 564 1152 622; x_wconf 86' lang='lat' dir='ltr'><strong>eorpus</strong></span> <span class='ocrx_word' id='word_1_41' title='bbox 1165 553 1288 608; x_wconf 83' lang='lat' dir='ltr'><strong>eminane</strong></span> <span class='ocrx_word' id='word_1_42' title='bbox 1300 556 1447 609; x_wconf 83' lang='lat' dir='ltr'><strong>voracitas:</strong></span> <span class='ocrx_word' id='word_1_43' title='bbox 1460 565 1486 612; x_wconf 91' lang='lat' dir='ltr'><strong>te</strong></span> <span class='ocrx_word' id='word_1_44' title='bbox 1499 557 1646 615; x_wconf 88' lang='lat' dir='ltr'><strong>obsistente</strong></span> <span class='ocrx_word' id='word_1_45' title='bbox 1660 576 1754 617; x_wconf 81' lang='lat' dir='ltr'><strong>ronre</strong></span> 
     </span>
     <span class='ocr_line' id='line_1_4' title="bbox 125 637 1753 714; baseline 0.009 -20"><span class='ocrx_word' id='word_1_46' title='bbox 125 640 285 697; x_wconf 81' lang='lat' dir='ltr'><strong>i&#39;iocentius</strong></span> <span class='ocrx_word' id='word_1_47' title='bbox 295 650 355 694; x_wconf 83' lang='lat' dir='ltr'><strong>tritus</strong></span> <span class='ocrx_word' id='word_1_48' title='bbox 371 638 470 693; x_wconf 85' lang='lat' dir='ltr'><strong>inlatus</strong></span> <span class='ocrx_word' id='word_1_49' title='bbox 483 645 526 693; x_wconf 91' lang='lat' dir='ltr'><strong>est</strong></span> <span class='ocrx_word' id='word_1_50' title='bbox 543 637 601 693; x_wconf 91' lang='lat' dir='ltr'><strong>celo</strong></span> <span class='ocrx_word' id='word_1_51' title='bbox 615 654 623 695; x_wconf 71' lang='grc' dir='ltr'>ς</span> <span class='ocrx_word' id='word_1_52' title='bbox 639 646 668 694; x_wconf 92' lang='lat' dir='ltr'><strong>et</strong></span> <span class='ocrx_word' id='word_1_53' title='bbox 677 638 737 694; x_wconf 85' lang='lat' dir='ltr'><strong>tolo</strong></span> <span class='ocrx_word' id='word_1_54' title='bbox 748 640 875 708; x_wconf 84' lang='lat' dir='ltr'><strong>probatus</strong></span> <span class='ocrx_word' id='word_1_55' title='bbox 890 647 919 693; x_wconf 88' lang='lat' dir='ltr'><strong>et</strong></span> <span class='ocrx_word' id='word_1_56' title='bbox 968 654 1020 695; x_wconf 89' lang='lat' dir='ltr'><strong>non</strong></span> <span class='ocrx_word' id='word_1_57' title='bbox 1030 644 1123 698; x_wconf 86' lang='lat' dir='ltr'><strong>valuit:</strong></span> <span class='ocrx_word' id='word_1_58' title='bbox 1134 646 1210 701; x_wconf 87' lang='lat' dir='ltr'><strong>nobis</strong></span> <span class='ocrx_word' id='word_1_59' title='bbox 1221 655 1264 700; x_wconf 87' lang='lat' dir='ltr'><strong>tua</strong></span> <span class='ocrx_word' id='word_1_60' title='bbox 1277 648 1441 714; x_wconf 90' lang='lat' dir='ltr'><strong>protectione</strong></span> <span class='ocrx_word' id='word_1_61' title='bbox 1452 651 1568 707; x_wconf 82' lang='lat' dir='ltr'><strong>aletensis</strong></span> <span class='ocrx_word' id='word_1_62' title='bbox 1581 654 1651 713; x_wconf 66' lang='lat' dir='ltr'><strong>nulls</strong></span> <span class='ocrx_word' id='word_1_63' title='bbox 1665 655 1753 710; x_wconf 83' lang='lat' dir='ltr'><strong>saltim</strong></span> 
     </span>
     <span class='ocr_line' id='line_1_5' title="bbox 122 723 1753 810; baseline 0.008 -27"><span class='ocrx_word' id='word_1_64' title='bbox 122 731 230 801; x_wconf 78' lang='lat' dir='ltr'><strong>pelago</strong></span> <span class='ocrx_word' id='word_1_65' title='bbox 248 730 282 786; x_wconf 87' lang='lat' dir='ltr'><strong>Ut</strong></span> <span class='ocrx_word' id='word_1_66' title='bbox 296 744 357 784; x_wconf 92' lang='lat' dir='ltr'><strong>eum</strong></span> <span class='ocrx_word' id='word_1_67' title='bbox 373 723 536 797; x_wconf 86' lang='lat' dir='ltr'><strong>multiplices</strong></span> <span class='ocrx_word' id='word_1_68' title='bbox 551 741 652 797; x_wconf 89' lang='lat' dir='ltr'><strong>pugnas</strong></span> <span class='ocrx_word' id='word_1_69' title='bbox 665 727 808 798; x_wconf 74' lang='lat' dir='ltr'>expediret</span> <span class='ocrx_word' id='word_1_70' title='bbox 822 739 915 784; x_wconf 84' lang='lat' dir='ltr'><strong>secuta</strong></span> <span class='ocrx_word' id='word_1_71' title='bbox 967 728 1102 796; x_wconf 70' lang='lat' dir='ltr'><strong>suggestio</strong></span> <span class='ocrx_word' id='word_1_72' title='bbox 1130 729 1228 785; x_wconf 77' lang='lat' dir='ltr'><strong>inimici</strong></span> <span class='ocrx_word' id='word_1_73' title='bbox 1247 733 1387 799; x_wconf 77' lang='lat' dir='ltr'><strong>vestigium</strong></span> <span class='ocrx_word' id='word_1_74' title='bbox 1410 733 1502 805; x_wconf 86' lang='lat' dir='ltr'><strong>inbgat</strong></span> <span class='ocrx_word' id='word_1_75' title='bbox 1523 738 1624 794; x_wconf 89' lang='lat' dir='ltr'><strong>delicti.</strong></span> <span class='ocrx_word' id='word_1_76' title='bbox 1641 739 1753 810; x_wconf 82' lang='lat' dir='ltr'><strong>Pelagus</strong></span> 
     </span>
     <span class='ocr_line' id='line_1_6' title="bbox 123 815 1754 896; baseline 0.005 -20"><span class='ocrx_word' id='word_1_77' title='bbox 123 822 238 878; x_wconf 82' lang='lat' dir='ltr'><strong>uictoria</strong></span> <span class='ocrx_word' id='word_1_78' title='bbox 266 837 273 873; x_wconf 90' lang='lat'>:</span> <span class='ocrx_word' id='word_1_79' title='bbox 302 819 482 874; x_wconf 73' lang='lat' dir='ltr'><strong>venerabilius</strong></span> <span class='ocrx_word' id='word_1_80' title='bbox 510 815 638 887; x_wconf 75' lang='lat' dir='ltr'><strong>reliquias</strong></span> <span class='ocrx_word' id='word_1_81' title='bbox 663 818 742 888; x_wconf 83' lang='lat' dir='ltr'><strong>digna</strong></span> <span class='ocrx_word' id='word_1_82' title='bbox 769 819 918 873; x_wconf 79' lang='lat' dir='ltr'><strong>seruaverit</strong></span> <span class='ocrx_word' id='word_1_83' title='bbox 968 815 1073 871; x_wconf 84' lang='lat' dir='ltr'><strong>Clariste</strong></span> <span class='ocrx_word' id='word_1_84' title='bbox 1095 819 1132 872; x_wconf 92' lang='lat' dir='ltr'><strong>tui</strong></span> <span class='ocrx_word' id='word_1_85' title='bbox 1157 819 1233 875; x_wconf 87' lang='lat' dir='ltr'><strong>testis</strong></span> <span class='ocrx_word' id='word_1_86' title='bbox 1257 820 1344 876; x_wconf 85' lang='lat' dir='ltr'><strong>lactus</strong></span> <span class='ocrx_word' id='word_1_87' title='bbox 1362 821 1488 879; x_wconf 75' lang='lat' dir='ltr'><strong>feretrum</strong></span> <span class='ocrx_word' id='word_1_88' title='bbox 1514 841 1574 880; x_wconf 91' lang='lat' dir='ltr'><strong>enm</strong></span> <span class='ocrx_word' id='word_1_89' title='bbox 1597 836 1622 882; x_wconf 93' lang='lat' dir='ltr'><strong>te</strong></span> <span class='ocrx_word' id='word_1_90' title='bbox 1643 828 1754 896; x_wconf 78' lang='lat' dir='ltr'><strong>iurante</strong></span> 
     </span>
     <span class='ocr_line' id='line_1_7' title="bbox 123 904 1755 984; baseline 0.017 -35"><span class='ocrx_word' id='word_1_91' title='bbox 123 913 275 984; x_wconf 52' lang='lat' dir='ltr'><strong>umqum,</strong></span> <span class='ocrx_word' id='word_1_92' title='bbox 297 912 348 967; x_wconf 52' lang='lat' dir='ltr'><strong>pgr</strong></span> <span class='ocrx_word' id='word_1_93' title='bbox 375 922 401 969; x_wconf 64' lang='lat' dir='ltr'><strong>gg</strong></span> <span class='ocrx_word' id='word_1_94' title='bbox 423 927 502 982; x_wconf 62' lang='lat' dir='ltr'><strong>quem</strong></span> <span class='ocrx_word' id='word_1_95' title='bbox 517 909 543 964; x_wconf 71' lang='lat' dir='ltr'><strong>gn</strong></span> <span class='ocrx_word' id='word_1_96' title='bbox 559 913 661 968; x_wconf 62' lang='lat' dir='ltr'><strong>„usgagg</strong></span> <span class='ocrx_word' id='word_1_97' title='bbox 684 911 823 968; x_wconf 67' lang='lat' dir='ltr'><strong>Tfrngqaqg</strong></span> <span class='ocrx_word' id='word_1_98' title='bbox 850 928 917 967; x_wconf 93' lang='lat' dir='ltr'><strong>eon·</strong></span> <span class='ocrx_word' id='word_1_99' title='bbox 968 904 1117 963; x_wconf 83' lang='lat' dir='ltr'><strong>reterilad</strong></span> <span class='ocrx_word' id='word_1_100' title='bbox 1134 911 1216 964; x_wconf 90' lang='lat' dir='ltr'><strong>litus.</strong></span> <span class='ocrx_word' id='word_1_101' title='bbox 1236 913 1385 981; x_wconf 82' lang='lat' dir='ltr'><strong>supplicum</strong></span> <span class='ocrx_word' id='word_1_102' title='bbox 1405 922 1509 969; x_wconf 90' lang='lat' dir='ltr'><strong>tuorum</strong></span> <span class='ocrx_word' id='word_1_103' title='bbox 1525 931 1618 971; x_wconf 80' lang='lat' dir='ltr'><strong>currens</strong></span> <span class='ocrx_word' id='word_1_104' title='bbox 1632 919 1707 975; x_wconf 83' lang='lat' dir='ltr'><strong>rie:</strong></span> <span class='ocrx_word' id='word_1_105' title='bbox 1729 931 1755 976; x_wconf 89' lang='lat' dir='ltr'><strong>te</strong></span> 
     </span>
     <span class='ocr_line' id='line_1_8' title="bbox 123 998 1754 1074; baseline 0.004 -15"><span class='ocrx_word' id='word_1_106' title='bbox 123 1004 238 1060; x_wconf 81' lang='lat' dir='ltr'><strong>landant</strong></span> <span class='ocrx_word' id='word_1_107' title='bbox 252 1003 345 1074; x_wconf 78' lang='lat' dir='ltr'><strong>Angeli</strong></span> <span class='ocrx_word' id='word_1_108' title='bbox 359 1013 440 1074; x_wconf 82' lang='lat' dir='ltr'><strong>atque</strong></span> <span class='ocrx_word' id='word_1_109' title='bbox 462 1001 623 1073; x_wconf 73' lang='lat' dir='ltr'><strong>Archangeli</strong></span> <span class='ocrx_word' id='word_1_110' title='bbox 640 1018 647 1054; x_wconf 91' lang='lat'>:</span> <span class='ocrx_word' id='word_1_111' title='bbox 663 1001 791 1073; x_wconf 76' lang='lat' dir='ltr'><strong>hymnum</strong></span> <span class='ocrx_word' id='word_1_112' title='bbox 811 1016 918 1072; x_wconf 78' lang='lat' dir='ltr'><strong>semper</strong></span> <span class='ocrx_word' id='word_1_113' title='bbox 969 998 1115 1065; x_wconf 89' lang='lat' dir='ltr'><strong>opitulante</strong></span> <span class='ocrx_word' id='word_1_114' title='bbox 1126 1003 1218 1056; x_wconf 88' lang='lat' dir='ltr'><strong>redcat</strong></span> <span class='ocrx_word' id='word_1_115' title='bbox 1233 1002 1400 1058; x_wconf 78' lang='lat' dir='ltr'><strong>odenatum.</strong></span> <span class='ocrx_word' id='word_1_116' title='bbox 1419 1005 1493 1060; x_wconf 92' lang='lat' dir='ltr'><strong>iilum</strong></span> <span class='ocrx_word' id='word_1_117' title='bbox 1505 1008 1673 1065; x_wconf 88' lang='lat' dir='ltr'><strong>irnmacuiate</strong></span> <span class='ocrx_word' id='word_1_118' title='bbox 1685 1027 1754 1067; x_wconf 86' lang='lat' dir='ltr'><strong>corr·</strong></span> 
     </span>
     <span class='ocr_line' id='line_1_9' title="bbox 124 1088 1757 1172; baseline 0.004 -22"><span class='ocrx_word' id='word_1_119' title='bbox 124 1096 260 1153; x_wconf 83' lang='lat' dir='ltr'><strong>diceanes.</strong></span> <span class='ocrx_word' id='word_1_120' title='bbox 969 1088 1082 1146; x_wconf 79' lang='lat' dir='ltr'><strong>scientie</strong></span> <span class='ocrx_word' id='word_1_121' title='bbox 1093 1090 1219 1147; x_wconf 87' lang='lat' dir='ltr'><strong>meritum</strong></span> <span class='ocrx_word' id='word_1_122' title='bbox 1234 1111 1240 1147; x_wconf 95' lang='lat'>:</span> <span class='ocrx_word' id='word_1_123' title='bbox 1256 1103 1284 1149; x_wconf 92' lang='lat' dir='ltr'><strong>et</strong></span> <span class='ocrx_word' id='word_1_124' title='bbox 1309 1094 1371 1151; x_wconf 78' lang='lat' dir='ltr'><strong>orlei</strong></span> <span class='ocrx_word' id='word_1_125' title='bbox 1386 1097 1484 1152; x_wconf 85' lang='lat' dir='ltr'><strong>uirtute</strong></span> <span class='ocrx_word' id='word_1_126' title='bbox 1499 1110 1680 1157; x_wconf 86' lang='lat' dir='ltr'><strong>etrrsnmmata</strong></span> <span class='ocrx_word' id='word_1_127' title='bbox 1696 1117 1757 1172; x_wconf 80' lang='lat' dir='ltr'><strong>pst·</strong></span> 
     </span>
     <span class='ocr_line' id='line_1_10' title="bbox 168 1180 1758 1257; baseline 0.006 -17"><span class='ocrx_word' id='word_1_128' title='bbox 168 1184 205 1253; x_wconf 69' lang='grc' dir='ltr'><strong>ἡ.</strong></span> <span class='ocrx_word' id='word_1_129' title='bbox 222 1183 348 1240; x_wconf 89' lang='lat' dir='ltr'><strong>Sanctus.</strong></span> <span class='ocrx_word' id='word_1_130' title='bbox 364 1180 490 1238; x_wconf 82' lang='lat' dir='ltr'><strong>Sanctus.</strong></span> <span class='ocrx_word' id='word_1_131' title='bbox 510 1182 637 1237; x_wconf 86' lang='lat' dir='ltr'><strong>Sanctus.</strong></span> <span class='ocrx_word' id='word_1_132' title='bbox 970 1181 1045 1236; x_wconf 86' lang='lat' dir='ltr'><strong>siotre</strong></span> <span class='ocrx_word' id='word_1_133' title='bbox 1061 1198 1067 1234; x_wconf 96' lang='lat'><strong>:</strong></span> <span class='ocrx_word' id='word_1_134' title='bbox 1084 1182 1180 1252; x_wconf 90' lang='lat' dir='ltr'><strong>religio</strong></span> <span class='ocrx_word' id='word_1_135' title='bbox 1207 1193 1233 1240; x_wconf 92' lang='lat' dir='ltr'><strong>te</strong></span> <span class='ocrx_word' id='word_1_136' title='bbox 1259 1187 1365 1255; x_wconf 85' lang='lat' dir='ltr'><strong>presule</strong></span> <span class='ocrx_word' id='word_1_137' title='bbox 1383 1187 1507 1257; x_wconf 81' lang='lat' dir='ltr'><strong>perduxit</strong></span> <span class='ocrx_word' id='word_1_138' title='bbox 1529 1190 1561 1242; x_wconf 89' lang='lat' dir='ltr'><strong>ad</strong></span> <span class='ocrx_word' id='word_1_139' title='bbox 1583 1191 1690 1248; x_wconf 89' lang='lat' dir='ltr'><strong>eelurn:</strong></span> <span class='ocrx_word' id='word_1_140' title='bbox 1708 1208 1758 1249; x_wconf 92' lang='lat' dir='ltr'><strong>nos</strong></span> 
     </span>
     <span class='ocr_line' id='line_1_11' title="bbox 160 1268 1759 1354; baseline 0.008 -25"><span class='ocrx_word' id='word_1_141' title='bbox 160 1275 228 1331; x_wconf 83' lang='lat' dir='ltr'><strong>Part</strong></span> <span class='ocrx_word' id='word_1_142' title='bbox 240 1275 363 1332; x_wconf 82' lang='lat' dir='ltr'><strong>Sanctae.</strong></span> <span class='ocrx_word' id='word_1_143' title='bbox 379 1274 448 1331; x_wconf 88' lang='lat' dir='ltr'><strong>ilere</strong></span> <span class='ocrx_word' id='word_1_144' title='bbox 462 1285 571 1329; x_wconf 86' lang='lat' dir='ltr'><strong>sancnn</strong></span> <span class='ocrx_word' id='word_1_145' title='bbox 585 1292 593 1330; x_wconf 74' lang='grc' dir='ltr'>ι</span> <span class='ocrx_word' id='word_1_146' title='bbox 609 1289 673 1330; x_wconf 78' lang='lat' dir='ltr'><strong>uere</strong></span> <span class='ocrx_word' id='word_1_147' title='bbox 689 1275 845 1330; x_wconf 81' lang='lat' dir='ltr'><strong>beriedictns</strong></span> <span class='ocrx_word' id='word_1_148' title='bbox 868 1276 919 1330; x_wconf 84' lang='lat' dir='ltr'><strong>bo·</strong></span> <span class='ocrx_word' id='word_1_149' title='bbox 969 1268 1104 1327; x_wconf 81' lang='lat' dir='ltr'><strong>contemto</strong></span> <span class='ocrx_word' id='word_1_150' title='bbox 1116 1273 1212 1330; x_wconf 91' lang='lat' dir='ltr'><strong>ltebiiis</strong></span> <span class='ocrx_word' id='word_1_151' title='bbox 1228 1284 1254 1330; x_wconf 90' lang='lat' dir='ltr'><strong>te</strong></span> <span class='ocrx_word' id='word_1_152' title='bbox 1265 1277 1409 1333; x_wconf 85' lang='lat' dir='ltr'><strong>miserante</strong></span> <span class='ocrx_word' id='word_1_153' title='bbox 1424 1278 1520 1347; x_wconf 89' lang='lat' dir='ltr'><strong>eipiat</strong></span> <span class='ocrx_word' id='word_1_154' title='bbox 1535 1282 1569 1335; x_wconf 91' lang='lat' dir='ltr'><strong>ab</strong></span> <span class='ocrx_word' id='word_1_155' title='bbox 1592 1282 1706 1354; x_wconf 78' lang='lat' dir='ltr'><strong>lauterna.</strong></span> <span class='ocrx_word' id='word_1_156' title='bbox 1722 1285 1759 1342; x_wconf 90' lang='lat' dir='ltr'><strong>iit</strong></span> 
     </span>
     <span class='ocr_line' id='line_1_12' title="bbox 126 1360 1756 1440; baseline 0.006 -17"><span class='ocrx_word' id='word_1_157' title='bbox 126 1369 217 1423; x_wconf 83' lang='lat' dir='ltr'><strong>minuis</strong></span> <span class='ocrx_word' id='word_1_158' title='bbox 232 1380 324 1423; x_wconf 88' lang='lat' dir='ltr'><strong>noster</strong></span> <span class='ocrx_word' id='word_1_159' title='bbox 338 1365 417 1421; x_wconf 83' lang='lat' dir='ltr'><strong>lesus</strong></span> <span class='ocrx_word' id='word_1_160' title='bbox 431 1365 555 1420; x_wconf 73' lang='lat' dir='ltr'><strong>cbristus</strong></span> <span class='ocrx_word' id='word_1_161' title='bbox 568 1364 638 1429; x_wconf 87' lang='lat' dir='ltr'><strong>iilius</strong></span> <span class='ocrx_word' id='word_1_162' title='bbox 654 1376 714 1419; x_wconf 90' lang='lat' dir='ltr'><strong>tuus</strong></span> <span class='ocrx_word' id='word_1_163' title='bbox 727 1383 733 1419; x_wconf 93' lang='lat'>:</span> <span class='ocrx_word' id='word_1_164' title='bbox 744 1365 790 1436; x_wconf 89' lang='lat' dir='ltr'><strong>qni</strong></span> <span class='ocrx_word' id='word_1_165' title='bbox 802 1375 843 1421; x_wconf 88' lang='lat' dir='ltr'><strong>est</strong></span> <span class='ocrx_word' id='word_1_166' title='bbox 857 1367 920 1437; x_wconf 92' lang='lat' dir='ltr'><strong>glo-</strong></span> <span class='ocrx_word' id='word_1_167' title='bbox 971 1378 1018 1432; x_wconf 90' lang='lat' dir='ltr'><strong>per</strong></span> <span class='ocrx_word' id='word_1_168' title='bbox 1031 1362 1249 1422; x_wconf 89' lang='lat' dir='ltr'><strong>buesacribciunt</strong></span> <span class='ocrx_word' id='word_1_169' title='bbox 1261 1369 1331 1438; x_wconf 91' lang='lat' dir='ltr'><strong>qnod</strong></span> <span class='ocrx_word' id='word_1_170' title='bbox 1348 1360 1395 1426; x_wconf 86' lang='lat' dir='ltr'><strong>tibi</strong></span> <span class='ocrx_word' id='word_1_171' title='bbox 1411 1371 1437 1426; x_wconf 91' lang='lat' dir='ltr'><strong>in</strong></span> <span class='ocrx_word' id='word_1_172' title='bbox 1451 1372 1553 1429; x_wconf 87' lang='lat' dir='ltr'><strong>ltottore</strong></span> <span class='ocrx_word' id='word_1_173' title='bbox 1564 1374 1673 1440; x_wconf 84' lang='lat' dir='ltr'><strong>predicti</strong></span> <span class='ocrx_word' id='word_1_174' title='bbox 1686 1376 1756 1432; x_wconf 88' lang='lat' dir='ltr'><strong>ilar·</strong></span> 
     </span>
     <span class='ocr_line' id='line_1_13' title="bbox 127 1454 1759 1534; baseline 0.004 -18"><span class='ocrx_word' id='word_1_175' title='bbox 127 1462 168 1516; x_wconf 88' lang='lat' dir='ltr'><strong>ria</strong></span> <span class='ocrx_word' id='word_1_176' title='bbox 183 1460 344 1515; x_wconf 81' lang='lat' dir='ltr'><strong>Sanctorum</strong></span> <span class='ocrx_word' id='word_1_177' title='bbox 355 1476 362 1513; x_wconf 91' lang='lat'>:</span> <span class='ocrx_word' id='word_1_178' title='bbox 373 1466 401 1514; x_wconf 94' lang='lat' dir='ltr'><strong>et</strong></span> <span class='ocrx_word' id='word_1_179' title='bbox 421 1472 520 1512; x_wconf 86' lang='lat' dir='ltr'><strong>corona</strong></span> <span class='ocrx_word' id='word_1_180' title='bbox 546 1457 692 1528; x_wconf 80' lang='lat' dir='ltr'><strong>biartqrum</strong></span> <span class='ocrx_word' id='word_1_181' title='bbox 710 1476 716 1511; x_wconf 92' lang='lat'>:</span> <span class='ocrx_word' id='word_1_182' title='bbox 733 1458 921 1527; x_wconf 87' lang='lat' dir='ltr'><strong>promissionis</strong></span> <span class='ocrx_word' id='word_1_183' title='bbox 971 1455 1038 1525; x_wconf 84' lang='lat' dir='ltr'><strong>tyris</strong></span> <span class='ocrx_word' id='word_1_184' title='bbox 1049 1454 1086 1508; x_wconf 92' lang='lat' dir='ltr'><strong>tui</strong></span> <span class='ocrx_word' id='word_1_185' title='bbox 1100 1455 1280 1512; x_wconf 84' lang='lat' dir='ltr'><strong>dedicandum</strong></span> <span class='ocrx_word' id='word_1_186' title='bbox 1291 1458 1428 1515; x_wconf 86' lang='lat' dir='ltr'><strong>ollerirnns</strong></span> <span class='ocrx_word' id='word_1_187' title='bbox 1443 1477 1449 1513; x_wconf 94' lang='lat'>:</span> <span class='ocrx_word' id='word_1_188' title='bbox 1464 1476 1524 1517; x_wconf 88' lang='lat' dir='ltr'><strong>curn</strong></span> <span class='ocrx_word' id='word_1_189' title='bbox 1540 1463 1701 1534; x_wconf 83' lang='lat' dir='ltr'><strong>biurtyribns</strong></span> <span class='ocrx_word' id='word_1_190' title='bbox 1713 1475 1759 1523; x_wconf 84' lang='lat' dir='ltr'><strong>tue</strong></span> 
     </span>
     <span class='ocr_line' id='line_1_14' title="bbox 125 1544 1756 1624; baseline 0.001 -20"><span class='ocrx_word' id='word_1_191' title='bbox 125 1549 248 1604; x_wconf 87' lang='lat' dir='ltr'><strong>irnluitnr</strong></span> <span class='ocrx_word' id='word_1_192' title='bbox 272 1565 279 1602; x_wconf 92' lang='lat'>:</span> <span class='ocrx_word' id='word_1_193' title='bbox 308 1558 336 1603; x_wconf 90' lang='lat' dir='ltr'><strong>et</strong></span> <span class='ocrx_word' id='word_1_194' title='bbox 365 1547 565 1617; x_wconf 76' lang='lat' dir='ltr'><strong>pollicitationis</strong></span> <span class='ocrx_word' id='word_1_195' title='bbox 597 1545 769 1614; x_wconf 82' lang='lat' dir='ltr'><strong>iisdernqnor.</strong></span> <span class='ocrx_word' id='word_1_196' title='bbox 808 1547 920 1606; x_wconf 71' lang='lat' dir='ltr'><strong>binicus</strong></span> <span class='ocrx_word' id='word_1_197' title='bbox 971 1544 1156 1600; x_wconf 82' lang='lat' dir='ltr'><strong>retributionis</strong></span> <span class='ocrx_word' id='word_1_198' title='bbox 1173 1544 1756 1624; x_wconf 76' lang='lat' dir='ltr'><strong>ettotserirqloria:cornotenttrogiissoa-</strong></span> 
     </span>
     <span class='ocr_line' id='line_1_15' title="bbox 125 1633 1744 1712; baseline 0.002 -18"><span class='ocrx_word' id='word_1_199' title='bbox 125 1640 369 1710; x_wconf 83' lang='lat' dir='ltr'><strong>spoomtomm:et</strong></span> <span class='ocrx_word' id='word_1_200' title='bbox 386 1639 470 1708; x_wconf 86' lang='lat' dir='ltr'><strong>gratia</strong></span> <span class='ocrx_word' id='word_1_201' title='bbox 490 1638 725 1708; x_wconf 81' lang='lat' dir='ltr'><strong>triumphatorum.</strong></span> <span class='ocrx_word' id='word_1_202' title='bbox 747 1639 841 1696; x_wconf 82' lang='lat' dir='ltr'><strong>Tutela</strong></span> <span class='ocrx_word' id='word_1_203' title='bbox 860 1655 921 1695; x_wconf 90' lang='lat' dir='ltr'><strong>eer-</strong></span> <span class='ocrx_word' id='word_1_204' title='bbox 971 1633 1038 1688; x_wconf 69' lang='lat' dir='ltr'><strong>siste</strong></span> <span class='ocrx_word' id='word_1_205' title='bbox 1054 1643 1191 1704; x_wconf 63' lang='lat' dir='ltr'><strong>temtaret</strong></span> <span class='ocrx_word' id='word_1_206' title='bbox 1212 1637 1345 1706; x_wconf 83' lang='lat' dir='ltr'><strong>gaudeant</strong></span> <span class='ocrx_word' id='word_1_207' title='bbox 1358 1641 1476 1694; x_wconf 78' lang='lat' dir='ltr'><strong>secusia</strong></span> <span class='ocrx_word' id='word_1_208' title='bbox 1500 1641 1585 1709; x_wconf 83' lang='lat' dir='ltr'><strong>penis.</strong></span> <span class='ocrx_word' id='word_1_209' title='bbox 1607 1644 1643 1712; x_wconf 71' lang='lat' dir='ltr'><strong>q.</strong></span> <span class='ocrx_word' id='word_1_210' title='bbox 1660 1647 1744 1699; x_wconf 67' lang='lat' dir='ltr'><strong>,tnen</strong></span> 
     </span>
     <span class='ocr_line' id='line_1_16' title="bbox 125 1725 1759 1800; baseline 0.001 -17"><span class='ocrx_word' id='word_1_211' title='bbox 125 1729 243 1786; x_wconf 88' lang='lat' dir='ltr'><strong>tantium</strong></span> <span class='ocrx_word' id='word_1_212' title='bbox 260 1747 268 1785; x_wconf 78' lang='lat' dir='ltr'><strong><em>z</em></strong></span> <span class='ocrx_word' id='word_1_213' title='bbox 287 1738 315 1786; x_wconf 92' lang='lat' dir='ltr'><strong>et</strong></span> <span class='ocrx_word' id='word_1_214' title='bbox 343 1730 457 1785; x_wconf 82' lang='lat' dir='ltr'><strong>uictoria</strong></span> <span class='ocrx_word' id='word_1_215' title='bbox 486 1730 684 1788; x_wconf 83' lang='lat' dir='ltr'><strong>dimicantium.</strong></span> <span class='ocrx_word' id='word_1_216' title='bbox 716 1733 859 1788; x_wconf 83' lang='lat' dir='ltr'><strong>iisortator</strong></span> <span class='ocrx_word' id='word_1_217' title='bbox 886 1733 919 1788; x_wconf 88' lang='lat' dir='ltr'><strong>ed</strong></span> <span class='ocrx_word' id='word_1_218' title='bbox 972 1725 1010 1782; x_wconf 83' lang='lat' dir='ltr'><strong>Te</strong></span> <span class='ocrx_word' id='word_1_219' title='bbox 1033 1737 1169 1797; x_wconf 77' lang='lat' dir='ltr'><strong>prestante</strong></span> <span class='ocrx_word' id='word_1_220' title='bbox 1181 1726 1245 1784; x_wconf 79' lang='lat' dir='ltr'><strong>iesu</strong></span> <span class='ocrx_word' id='word_1_221' title='bbox 1270 1731 1438 1800; x_wconf 73' lang='lat' dir='ltr'><strong>bone1qnia</strong></span> <span class='ocrx_word' id='word_1_222' title='bbox 1458 1739 1486 1787; x_wconf 94' lang='lat' dir='ltr'><strong>tu</strong></span> <span class='ocrx_word' id='word_1_223' title='bbox 1505 1732 1658 1791; x_wconf 76' lang='lat' dir='ltr'><strong>beo-omnis</strong></span> <span class='ocrx_word' id='word_1_224' title='bbox 1682 1737 1759 1794; x_wconf 66' lang='lat' dir='ltr'><strong>..oin</strong></span> 
     </span>
     <span class='ocr_line' id='line_1_17' title="bbox 125 1801 1487 1894; baseline 0.004 -17"><span class='ocrx_word' id='word_1_225' title='bbox 125 1823 212 1878; x_wconf 76' lang='lat' dir='ltr'><strong>onom</strong></span> <span class='ocrx_word' id='word_1_226' title='bbox 240 1839 247 1876; x_wconf 91' lang='lat'>:</span> <span class='ocrx_word' id='word_1_227' title='bbox 270 1831 297 1879; x_wconf 82' lang='lat' dir='ltr'><strong>et</strong></span> <span class='ocrx_word' id='word_1_228' title='bbox 325 1810 451 1881; x_wconf 78' lang='lat' dir='ltr'><strong>iintionr</strong></span> <span class='ocrx_word' id='word_1_229' title='bbox 474 1821 507 1877; x_wconf 79' lang='lat' dir='ltr'><strong>ad</strong></span> <span class='ocrx_word' id='word_1_230' title='bbox 534 1822 676 1892; x_wconf 74' lang='lat' dir='ltr'><strong>pontion.</strong></span> <span class='ocrx_word' id='word_1_231' title='bbox 700 1823 758 1890; x_wconf 82' lang='lat' dir='ltr'><strong>ooo</strong></span> <span class='ocrx_word' id='word_1_232' title='bbox 775 1826 920 1894; x_wconf 80' lang='lat' dir='ltr'><strong>inspirante</strong></span> <span class='ocrx_word' id='word_1_233' title='bbox 935 1801 1091 1889; x_wconf 81' lang='lat' dir='ltr'><strong>Biouignts</strong></span> <span class='ocrx_word' id='word_1_234' title='bbox 1103 1819 1251 1875; x_wconf 72' lang='lat' dir='ltr'><strong>scrutatore</strong></span> <span class='ocrx_word' id='word_1_235' title='bbox 1265 1820 1340 1876; x_wconf 78' lang='lat' dir='ltr'><strong>valde</strong></span> <span class='ocrx_word' id='word_1_236' title='bbox 1355 1821 1487 1878; x_wconf 74' lang='lat' dir='ltr'><strong>botrano.</strong></span> 
     </span>
     <span class='ocr_line' id='line_1_18' title="bbox 127 1880 1395 1984; baseline 0.002 -15"><span class='ocrx_word' id='word_1_237' title='bbox 127 1912 220 1969; x_wconf 84' lang='lat' dir='ltr'><strong>tidelis</strong></span> <span class='ocrx_word' id='word_1_238' title='bbox 235 1880 473 1970; x_wconf 61' lang='lat' dir='ltr'><strong>commonitum</strong></span> <span class='ocrx_word' id='word_1_239' title='bbox 491 1928 544 1969; x_wconf 92' lang='lat' dir='ltr'><strong>non</strong></span> <span class='ocrx_word' id='word_1_240' title='bbox 564 1910 706 1984; x_wconf 88' lang='lat' dir='ltr'><strong>ignorabat</strong></span> <span class='ocrx_word' id='word_1_241' title='bbox 719 1915 819 1970; x_wconf 89' lang='lat' dir='ltr'><strong>atldeta</strong></span> <span class='ocrx_word' id='word_1_242' title='bbox 833 1915 920 1972; x_wconf 82' lang='lat' dir='ltr'><strong>toros·</strong></span> <span class='ocrx_word' id='word_1_243' title='bbox 1005 1911 1045 1967; x_wconf 75' lang='lat' dir='ltr'><strong>dd</strong></span> <span class='ocrx_word' id='word_1_244' title='bbox 1061 1911 1209 1966; x_wconf 78' lang='lat' dir='ltr'><strong>(irationem</strong></span> <span class='ocrx_word' id='word_1_245' title='bbox 1228 1914 1395 1968; x_wconf 81' lang='lat' dir='ltr'><strong>lluatiut‘ccm.</strong></span> 
     </span>
     <span class='ocr_line' id='line_1_19' title="bbox 117 2003 1758 2077; baseline 0.002 -15"><span class='ocrx_word' id='word_1_246' title='bbox 117 2006 215 2070; x_wconf 78' lang='lat' dir='ltr'><strong>isicem</strong></span> <span class='ocrx_word' id='word_1_247' title='bbox 227 2005 345 2064; x_wconf 74' lang='lat' dir='ltr'><strong>teutneo</strong></span> <span class='ocrx_word' id='word_1_248' title='bbox 357 2007 459 2061; x_wconf 90' lang='lat' dir='ltr'><strong>bonore</strong></span> <span class='ocrx_word' id='word_1_249' title='bbox 474 2005 628 2074; x_wconf 84' lang='lat' dir='ltr'><strong>perlnoctut</strong></span> <span class='ocrx_word' id='word_1_250' title='bbox 641 2024 647 2061; x_wconf 93' lang='lat'>:</span> <span class='ocrx_word' id='word_1_251' title='bbox 663 2008 734 2077; x_wconf 90' lang='lat' dir='ltr'><strong>quod</strong></span> <span class='ocrx_word' id='word_1_252' title='bbox 749 2016 777 2062; x_wconf 88' lang='lat' dir='ltr'><strong>et</strong></span> <span class='ocrx_word' id='word_1_253' title='bbox 789 2011 919 2076; x_wconf 88' lang='lat' dir='ltr'><strong>premium</strong></span> <span class='ocrx_word' id='word_1_254' title='bbox 1007 2003 1075 2059; x_wconf 73' lang='lat' dir='ltr'><strong>oeus</strong></span> <span class='ocrx_word' id='word_1_255' title='bbox 1088 2007 1132 2075; x_wconf 89' lang='lat' dir='ltr'><strong>qui</strong></span> <span class='ocrx_word' id='word_1_256' title='bbox 1145 2004 1267 2061; x_wconf 77' lang='lat' dir='ltr'><strong>Lesitana</strong></span> <span class='ocrx_word' id='word_1_257' title='bbox 1280 2016 1352 2060; x_wconf 90' lang='lat' dir='ltr'><strong>tnutn</strong></span> <span class='ocrx_word' id='word_1_258' title='bbox 1366 2005 1540 2062; x_wconf 82' lang='lat' dir='ltr'><strong>iinecntinm</strong></span> <span class='ocrx_word' id='word_1_259' title='bbox 1550 2011 1758 2076; x_wconf 65' lang='lat' dir='ltr'><strong>tentonicorum</strong></span> 
     </span>
     <span class='ocr_line' id='line_1_20' title="bbox 129 2077 1757 2171; baseline 0.006 -23"><span class='ocrx_word' id='word_1_260' title='bbox 129 2077 354 2171; x_wconf 55' lang='lat' dir='ltr'><strong>popuii‘aeeipere</strong></span> <span class='ocrx_word' id='word_1_261' title='bbox 369 2114 403 2154; x_wconf 74' lang='lat' dir='ltr'><strong>ex</strong></span> <span class='ocrx_word' id='word_1_262' title='bbox 421 2099 519 2154; x_wconf 83' lang='lat' dir='ltr'><strong>nierito</strong></span> <span class='ocrx_word' id='word_1_263' title='bbox 535 2099 686 2168; x_wconf 74' lang='lat' dir='ltr'><strong>passionis:</strong></span> <span class='ocrx_word' id='word_1_264' title='bbox 702 2109 731 2156; x_wconf 78' lang='lat' dir='ltr'><strong>eg</strong></span> <span class='ocrx_word' id='word_1_265' title='bbox 752 2100 871 2157; x_wconf 70' lang='lat' dir='ltr'><strong>bravium</strong></span> <span class='ocrx_word' id='word_1_266' title='bbox 886 2117 919 2158; x_wconf 71' lang='lat' dir='ltr'><strong>gg</strong></span> <span class='ocrx_word' id='word_1_267' title='bbox 972 2109 1083 2150; x_wconf 81' lang='lat' dir='ltr'><strong>innitere</strong></span> <span class='ocrx_word' id='word_1_268' title='bbox 1096 2094 1227 2150; x_wconf 78' lang='lat' dir='ltr'><strong>decorasti</strong></span> <span class='ocrx_word' id='word_1_269' title='bbox 1245 2113 1251 2149; x_wconf 90' lang='lat'>:</span> <span class='ocrx_word' id='word_1_270' title='bbox 1269 2105 1294 2149; x_wconf 93' lang='lat' dir='ltr'><strong>nl</strong></span> <span class='ocrx_word' id='word_1_271' title='bbox 1312 2111 1370 2169; x_wconf 75' lang='lat' dir='ltr'><strong>mys</strong></span> <span class='ocrx_word' id='word_1_272' title='bbox 1381 2098 1430 2153; x_wconf 83' lang='lat' dir='ltr'><strong>etii</strong></span> <span class='ocrx_word' id='word_1_273' title='bbox 1453 2098 1521 2154; x_wconf 82' lang='lat' dir='ltr'><strong>sacri</strong></span> <span class='ocrx_word' id='word_1_274' title='bbox 1546 2099 1631 2157; x_wconf 75' lang='lat' dir='ltr'><strong>[relos</strong></span> <span class='ocrx_word' id='word_1_275' title='bbox 1649 2102 1757 2158; x_wconf 76' lang='lat' dir='ltr'><strong>otltcio:</strong></span> 
     </span>
     <span class='ocr_line' id='line_1_21' title="bbox 81 2176 1761 2260; baseline 0.002 -14"><span class='ocrx_word' id='word_1_276' title='bbox 81 2176 221 2255; x_wconf 47' lang='lat' dir='ltr'><strong>‚foilleia</strong></span> <span class='ocrx_word' id='word_1_277' title='bbox 243 2189 383 2260; x_wconf 76' lang='lat' dir='ltr'><strong>dignitatis</strong></span> <span class='ocrx_word' id='word_1_278' title='bbox 399 2207 405 2243; x_wconf 77' lang='grc' dir='ltr'>ε</span> <span class='ocrx_word' id='word_1_279' title='bbox 427 2192 488 2259; x_wconf 86' lang='lat' dir='ltr'><strong>qrria</strong></span> <span class='ocrx_word' id='word_1_280' title='bbox 499 2201 557 2245; x_wconf 86' lang='lat' dir='ltr'><strong>erat</strong></span> <span class='ocrx_word' id='word_1_281' title='bbox 570 2200 597 2246; x_wconf 91' lang='lat' dir='ltr'><strong>ct</strong></span> <span class='ocrx_word' id='word_1_282' title='bbox 617 2190 651 2246; x_wconf 87' lang='lat' dir='ltr'><strong>de</strong></span> <span class='ocrx_word' id='word_1_283' title='bbox 665 2191 773 2247; x_wconf 81' lang='lat' dir='ltr'><strong>victoria</strong></span> <span class='ocrx_word' id='word_1_284' title='bbox 789 2193 857 2247; x_wconf 80' lang='lat' dir='ltr'><strong>lidius</strong></span> <span class='ocrx_word' id='word_1_285' title='bbox 873 2209 879 2245; x_wconf 94' lang='lat'><strong>:</strong></span> <span class='ocrx_word' id='word_1_286' title='bbox 894 2202 920 2248; x_wconf 90' lang='lat' dir='ltr'><strong>et</strong></span> <span class='ocrx_word' id='word_1_287' title='bbox 971 2201 1024 2251; x_wconf 90' lang='lat' dir='ltr'><strong>quo</strong></span> <span class='ocrx_word' id='word_1_288' title='bbox 1041 2185 1124 2240; x_wconf 83' lang='lat' dir='ltr'><strong>[ilium</strong></span> <span class='ocrx_word' id='word_1_289' title='bbox 1141 2195 1216 2242; x_wconf 89' lang='lat' dir='ltr'><strong>tunm</strong></span> <span class='ocrx_word' id='word_1_290' title='bbox 1239 2187 1379 2242; x_wconf 86' lang='lat' dir='ltr'><strong>oooooon</strong></span> <span class='ocrx_word' id='word_1_291' title='bbox 1394 2197 1514 2245; x_wconf 86' lang='lat' dir='ltr'><strong>trostrnm</strong></span> <span class='ocrx_word' id='word_1_292' title='bbox 1529 2205 1671 2250; x_wconf 86' lang='lat' dir='ltr'><strong>secuturus</strong></span> <span class='ocrx_word' id='word_1_293' title='bbox 1688 2205 1761 2252; x_wconf 86' lang='lat' dir='ltr'><strong>esset</strong></span> 
     </span>
     <span class='ocr_line' id='line_1_22' title="bbox 126 2276 1759 2351; baseline 0.006 -23"><span class='ocrx_word' id='word_1_294' title='bbox 126 2279 163 2336; x_wconf 69' lang='lat' dir='ltr'><strong>ds</strong></span> <span class='ocrx_word' id='word_1_295' title='bbox 174 2295 276 2336; x_wconf 68' lang='lat' dir='ltr'><strong>corona</strong></span> <span class='ocrx_word' id='word_1_296' title='bbox 301 2297 355 2335; x_wconf 71' lang='lat' dir='ltr'><strong>nim</strong></span> <span class='ocrx_word' id='word_1_297' title='bbox 370 2282 476 2337; x_wconf 71' lang='lat' dir='ltr'><strong>dubios,</strong></span> <span class='ocrx_word' id='word_1_298' title='bbox 494 2281 609 2351; x_wconf 72' lang='lat' dir='ltr'><strong>ideoque</strong></span> <span class='ocrx_word' id='word_1_299' title='bbox 625 2297 696 2338; x_wconf 72' lang='lat' dir='ltr'><strong>niune</strong></span> <span class='ocrx_word' id='word_1_300' title='bbox 720 2297 772 2337; x_wconf 78' lang='lat' dir='ltr'><strong>non</strong></span> <span class='ocrx_word' id='word_1_301' title='bbox 800 2283 918 2338; x_wconf 70' lang='lat' dir='ltr'><strong>insinno:</strong></span> <span class='ocrx_word' id='word_1_302' title='bbox 974 2276 1000 2330; x_wconf 91' lang='lat' dir='ltr'><strong>iu</strong></span> <span class='ocrx_word' id='word_1_303' title='bbox 1015 2278 1162 2345; x_wconf 80' lang='lat' dir='ltr'><strong>passione:</strong></span> <span class='ocrx_word' id='word_1_304' title='bbox 1186 2278 1306 2348; x_wconf 79' lang='lat' dir='ltr'><strong>eiusdem</strong></span> <span class='ocrx_word' id='word_1_305' title='bbox 1321 2276 1334 2314; x_wconf 73' lang='lat' dir='ltr'><strong>b</strong></span> <span class='ocrx_word' id='word_1_306' title='bbox 1350 2279 1449 2334; x_wconf 80' lang='lat' dir='ltr'><strong>Claristi</strong></span> <span class='ocrx_word' id='word_1_307' title='bbox 1463 2281 1573 2337; x_wconf 85' lang='lat' dir='ltr'><strong>calicem</strong></span> <span class='ocrx_word' id='word_1_308' title='bbox 1597 2284 1759 2341; x_wconf 86' lang='lat' dir='ltr'><strong>ttrinistraret</strong></span> 
     </span>
     <span class='ocr_line' id='line_1_23' title="bbox 132 2368 1760 2444; baseline 0.004 -19"><span class='ocrx_word' id='word_1_309' title='bbox 132 2381 146 2408; x_wconf 89' lang='lat'><strong>·</strong></span> <span class='ocrx_word' id='word_1_310' title='bbox 162 2372 301 2444; x_wconf 78' lang='lat' dir='ltr'><strong>igniteque</strong></span> <span class='ocrx_word' id='word_1_311' title='bbox 319 2373 469 2443; x_wconf 80' lang='lat' dir='ltr'><strong>sartagines</strong></span> <span class='ocrx_word' id='word_1_312' title='bbox 485 2388 557 2426; x_wconf 92' lang='lat' dir='ltr'><strong>:non</strong></span> <span class='ocrx_word' id='word_1_313' title='bbox 572 2372 657 2429; x_wconf 88' lang='lat' dir='ltr'><strong>eculei</strong></span> <span class='ocrx_word' id='word_1_314' title='bbox 671 2390 677 2426; x_wconf 91' lang='lat'><strong>:</strong></span> <span class='ocrx_word' id='word_1_315' title='bbox 691 2373 860 2444; x_wconf 83' lang='lat' dir='ltr'><strong>sublimeque</strong></span> <span class='ocrx_word' id='word_1_316' title='bbox 876 2387 918 2428; x_wconf 86' lang='lat' dir='ltr'><strong>oa·</strong></span> <span class='ocrx_word' id='word_1_317' title='bbox 972 2368 1046 2436; x_wconf 89' lang='lat' dir='ltr'><strong>prins</strong></span> <span class='ocrx_word' id='word_1_318' title='bbox 1056 2369 1227 2426; x_wconf 74' lang='lat' dir='ltr'><strong>credentibus</strong></span> <span class='ocrx_word' id='word_1_319' title='bbox 1240 2373 1265 2425; x_wconf 94' lang='lat' dir='ltr'><strong>in</strong></span> <span class='ocrx_word' id='word_1_320' title='bbox 1279 2371 1403 2426; x_wconf 90' lang='lat' dir='ltr'><strong>salntem.</strong></span> <span class='ocrx_word' id='word_1_321' title='bbox 1414 2372 1454 2429; x_wconf 85' lang='lat' dir='ltr'><strong>Tu</strong></span> <span class='ocrx_word' id='word_1_322' title='bbox 1469 2389 1518 2428; x_wconf 77' lang='lat' dir='ltr'><strong>ntus</strong></span> <span class='ocrx_word' id='word_1_323' title='bbox 1533 2374 1612 2428; x_wconf 86' lang='lat' dir='ltr'><strong>tacito</strong></span> <span class='ocrx_word' id='word_1_324' title='bbox 1626 2391 1716 2431; x_wconf 84' lang='lat' dir='ltr'><strong>coram</strong></span> <span class='ocrx_word' id='word_1_325' title='bbox 1734 2391 1760 2432; x_wconf 92' lang='lat' dir='ltr'><strong>te</strong></span> 
     </span>
     <span class='ocr_line' id='line_1_24' title="bbox 126 2462 1759 2538; baseline 0.001 -18"><span class='ocrx_word' id='word_1_326' title='bbox 126 2472 221 2522; x_wconf 76' lang='lat' dir='ltr'><strong>teste:</strong></span> <span class='ocrx_word' id='word_1_327' title='bbox 238 2479 290 2520; x_wconf 86' lang='lat' dir='ltr'><strong>troo</strong></span> <span class='ocrx_word' id='word_1_328' title='bbox 306 2464 403 2537; x_wconf 92' lang='lat' dir='ltr'><strong>ungule</strong></span> <span class='ocrx_word' id='word_1_329' title='bbox 424 2465 551 2534; x_wconf 87' lang='lat' dir='ltr'><strong>iereeqne</strong></span> <span class='ocrx_word' id='word_1_330' title='bbox 563 2479 658 2519; x_wconf 88' lang='lat' dir='ltr'><strong>manns</strong></span> <span class='ocrx_word' id='word_1_331' title='bbox 674 2479 747 2520; x_wconf 85' lang='lat' dir='ltr'><strong>:tion</strong></span> <span class='ocrx_word' id='word_1_332' title='bbox 763 2467 896 2535; x_wconf 89' lang='lat' dir='ltr'><strong>ergastule</strong></span> <span class='ocrx_word' id='word_1_333' title='bbox 912 2482 919 2520; x_wconf 75' lang='grc' dir='ltr'>ε</span> <span class='ocrx_word' id='word_1_334' title='bbox 970 2462 1050 2533; x_wconf 87' lang='lat' dir='ltr'><strong>digne</strong></span> <span class='ocrx_word' id='word_1_335' title='bbox 1061 2471 1175 2518; x_wconf 84' lang='lat' dir='ltr'><strong>tractare</strong></span> <span class='ocrx_word' id='word_1_336' title='bbox 1189 2473 1312 2536; x_wconf 85' lang='lat' dir='ltr'><strong>suscepta</strong></span> <span class='ocrx_word' id='word_1_337' title='bbox 1329 2466 1542 2520; x_wconf 77' lang='lat' dir='ltr'><strong>ministeriorum</strong></span> <span class='ocrx_word' id='word_1_338' title='bbox 1557 2465 1645 2521; x_wconf 88' lang='lat' dir='ltr'><strong>olllela</strong></span> <span class='ocrx_word' id='word_1_339' title='bbox 1662 2484 1669 2521; x_wconf 92' lang='lat'>:</span> <span class='ocrx_word' id='word_1_340' title='bbox 1691 2483 1759 2538; x_wconf 86' lang='lat' dir='ltr'><strong>qno·</strong></span> 
     </span>
     <span class='ocr_line' id='line_1_25' title="bbox 126 2554 1758 2632; baseline 0.001 -17"><span class='ocrx_word' id='word_1_341' title='bbox 126 2573 309 2625; x_wconf 68' lang='lat' dir='ltr'><strong>caecamque</strong></span> <span class='ocrx_word' id='word_1_342' title='bbox 330 2557 423 2613; x_wconf 89' lang='lat' dir='ltr'><strong>densis</strong></span> <span class='ocrx_word' id='word_1_343' title='bbox 446 2556 562 2626; x_wconf 79' lang='lat' dir='ltr'><strong>srqqleti</strong></span> <span class='ocrx_word' id='word_1_344' title='bbox 579 2557 720 2613; x_wconf 73' lang='lat' dir='ltr'><strong>eusebiis:</strong></span> <span class='ocrx_word' id='word_1_345' title='bbox 744 2572 796 2612; x_wconf 89' lang='lat' dir='ltr'><strong>non</strong></span> <span class='ocrx_word' id='word_1_346' title='bbox 822 2557 921 2612; x_wconf 86' lang='lat' dir='ltr'><strong>stridor</strong></span> <span class='ocrx_word' id='word_1_347' title='bbox 972 2568 1031 2609; x_wconf 91' lang='lat' dir='ltr'><strong>runt</strong></span> <span class='ocrx_word' id='word_1_348' title='bbox 1043 2555 1198 2624; x_wconf 83' lang='lat' dir='ltr'><strong>gestandam</strong></span> <span class='ocrx_word' id='word_1_349' title='bbox 1213 2554 1381 2626; x_wconf 85' lang='lat' dir='ltr'><strong>suscepimus</strong></span> <span class='ocrx_word' id='word_1_350' title='bbox 1395 2557 1462 2614; x_wconf 88' lang='lat' dir='ltr'><strong>obse</strong></span> <span class='ocrx_word' id='word_1_351' title='bbox 1472 2557 1758 2632; x_wconf 77' lang='lat' dir='ltr'><strong>quolam.i)noliartqr</strong></span> 
     </span>
     <span class='ocr_line' id='line_1_26' title="bbox 127 2645 1760 2723; baseline 0.003 -20"><span class='ocrx_word' id='word_1_352' title='bbox 127 2647 306 2703; x_wconf 81' lang='lat' dir='ltr'><strong>eatbeosrum</strong></span> <span class='ocrx_word' id='word_1_353' title='bbox 323 2664 330 2700; x_wconf 75' lang='grc' dir='ltr'>ε</span> <span class='ocrx_word' id='word_1_354' title='bbox 346 2660 377 2701; x_wconf 84' lang='lat' dir='ltr'><strong>sc</strong></span> <span class='ocrx_word' id='word_1_355' title='bbox 389 2645 546 2715; x_wconf 73' lang='lat' dir='ltr'><strong>ponderatio</strong></span> <span class='ocrx_word' id='word_1_356' title='bbox 560 2646 649 2716; x_wconf 85' lang='lat' dir='ltr'><strong>grauis</strong></span> <span class='ocrx_word' id='word_1_357' title='bbox 664 2645 794 2715; x_wconf 78' lang='lat' dir='ltr'><strong>citiusque</strong></span> <span class='ocrx_word' id='word_1_358' title='bbox 805 2646 916 2701; x_wconf 89' lang='lat' dir='ltr'><strong>metalli.</strong></span> <span class='ocrx_word' id='word_1_359' title='bbox 973 2654 1033 2700; x_wconf 82' lang='lat' dir='ltr'><strong>turns</strong></span> <span class='ocrx_word' id='word_1_360' title='bbox 1051 2646 1206 2702; x_wconf 76' lang='lat' dir='ltr'><strong>Vincentius</strong></span> <span class='ocrx_word' id='word_1_361' title='bbox 1231 2647 1323 2704; x_wconf 87' lang='lat' dir='ltr'><strong>dirinn</strong></span> <span class='ocrx_word' id='word_1_362' title='bbox 1347 2660 1441 2704; x_wconf 90' lang='lat' dir='ltr'><strong>anetus</strong></span> <span class='ocrx_word' id='word_1_363' title='bbox 1463 2650 1560 2719; x_wconf 85' lang='lat' dir='ltr'><strong>spiritu</strong></span> <span class='ocrx_word' id='word_1_364' title='bbox 1582 2653 1650 2722; x_wconf 85' lang='lat' dir='ltr'><strong>:qui</strong></span> <span class='ocrx_word' id='word_1_365' title='bbox 1668 2667 1760 2723; x_wconf 88' lang='lat' dir='ltr'><strong>perse·</strong></span> 
     </span>
     <span class='ocr_line' id='line_1_27' title="bbox 128 2734 1757 2810; baseline 0.001 -15"><span class='ocrx_word' id='word_1_366' title='bbox 128 2738 190 2795; x_wconf 74' lang='lat' dir='ltr'><strong>Non</strong></span> <span class='ocrx_word' id='word_1_367' title='bbox 206 2736 259 2793; x_wconf 83' lang='lat' dir='ltr'><strong>loci</strong></span> <span class='ocrx_word' id='word_1_368' title='bbox 287 2736 377 2807; x_wconf 82' lang='lat' dir='ltr'><strong>tragor</strong></span> <span class='ocrx_word' id='word_1_369' title='bbox 390 2755 396 2790; x_wconf 95' lang='lat'>:</span> <span class='ocrx_word' id='word_1_370' title='bbox 411 2745 439 2792; x_wconf 90' lang='lat' dir='ltr'><strong>et</strong></span> <span class='ocrx_word' id='word_1_371' title='bbox 461 2737 606 2806; x_wconf 85' lang='lat' dir='ltr'><strong>strepentis</strong></span> <span class='ocrx_word' id='word_1_372' title='bbox 631 2738 730 2809; x_wconf 86' lang='lat' dir='ltr'><strong>passim</strong></span> <span class='ocrx_word' id='word_1_373' title='bbox 755 2734 831 2806; x_wconf 91' lang='lat' dir='ltr'><strong>copia</strong></span> <span class='ocrx_word' id='word_1_374' title='bbox 858 2737 922 2791; x_wconf 87' lang='lat' dir='ltr'><strong>salis</strong></span> <span class='ocrx_word' id='word_1_375' title='bbox 971 2747 1098 2806; x_wconf 89' lang='lat' dir='ltr'><strong>quentem</strong></span> <span class='ocrx_word' id='word_1_376' title='bbox 1111 2738 1253 2794; x_wconf 81' lang='lat' dir='ltr'><strong>Datianum</strong></span> <span class='ocrx_word' id='word_1_377' title='bbox 1267 2738 1400 2808; x_wconf 82' lang='lat' dir='ltr'><strong>abietibus</strong></span> <span class='ocrx_word' id='word_1_378' title='bbox 1414 2738 1489 2795; x_wconf 86' lang='lat' dir='ltr'><strong>duris</strong></span> <span class='ocrx_word' id='word_1_379' title='bbox 1502 2740 1657 2810; x_wconf 86' lang='lat' dir='ltr'><strong>adgreditur</strong></span> <span class='ocrx_word' id='word_1_380' title='bbox 1673 2759 1680 2796; x_wconf 92' lang='lat'>:</span> <span class='ocrx_word' id='word_1_381' title='bbox 1695 2757 1757 2799; x_wconf 88' lang='lat' dir='ltr'><strong>cuin</strong></span> 
     </span>
     <span class='ocr_line' id='line_1_28' title="bbox 129 2825 1759 2900; baseline 0.002 -15"><span class='ocrx_word' id='word_1_382' title='bbox 129 2827 284 2900; x_wconf 80' lang='lat' dir='ltr'><strong>patentibus</strong></span> <span class='ocrx_word' id='word_1_383' title='bbox 297 2827 445 2882; x_wconf 83' lang='lat' dir='ltr'><strong>uisceribus</strong></span> <span class='ocrx_word' id='word_1_384' title='bbox 460 2825 558 2880; x_wconf 84' lang='lat' dir='ltr'><strong>inlecta</strong></span> <span class='ocrx_word' id='word_1_385' title='bbox 580 2825 713 2881; x_wconf 88' lang='lat' dir='ltr'><strong>internis:</strong></span> <span class='ocrx_word' id='word_1_386' title='bbox 730 2839 779 2880; x_wconf 88' lang='lat' dir='ltr'><strong>nee</strong></span> <span class='ocrx_word' id='word_1_387' title='bbox 802 2827 921 2897; x_wconf 76' lang='lat' dir='ltr'><strong>fragmen</strong></span> <span class='ocrx_word' id='word_1_388' title='bbox 971 2834 1064 2881; x_wconf 85' lang='lat' dir='ltr'><strong>corrtrs</strong></span> <span class='ocrx_word' id='word_1_389' title='bbox 1081 2826 1217 2882; x_wconf 77' lang='lat' dir='ltr'><strong>Valerium</strong></span> <span class='ocrx_word' id='word_1_390' title='bbox 1230 2827 1385 2898; x_wconf 88' lang='lat' dir='ltr'><strong>episcopum</strong></span> <span class='ocrx_word' id='word_1_391' title='bbox 1399 2843 1477 2886; x_wconf 88' lang='lat' dir='ltr'><strong>sunm</strong></span> <span class='ocrx_word' id='word_1_392' title='bbox 1493 2830 1589 2887; x_wconf 82' lang='lat' dir='ltr'><strong>ieviter</strong></span> <span class='ocrx_word' id='word_1_393' title='bbox 1615 2831 1759 2890; x_wconf 85' lang='lat' dir='ltr'><strong>insultasse</strong></span> 
     </span>
     <span class='ocr_line' id='line_1_29' title="bbox 131 2914 1762 2987; baseline 0.004 -13"><span class='ocrx_word' id='word_1_394' title='bbox 131 2930 158 2975; x_wconf 85' lang='lat' dir='ltr'><strong>te</strong></span> <span class='ocrx_word' id='word_1_395' title='bbox 182 2919 256 2974; x_wconf 85' lang='lat' dir='ltr'><strong>nudo</strong></span> <span class='ocrx_word' id='word_1_396' title='bbox 278 2918 428 2973; x_wconf 85' lang='lat' dir='ltr'><strong>adhibitura</strong></span> <span class='ocrx_word' id='word_1_397' title='bbox 451 2918 558 2987; x_wconf 85' lang='lat' dir='ltr'><strong>corpori</strong></span> <span class='ocrx_word' id='word_1_398' title='bbox 576 2933 582 2968; x_wconf 93' lang='lat'><strong>:</strong></span> <span class='ocrx_word' id='word_1_399' title='bbox 609 2914 714 2970; x_wconf 86' lang='lat' dir='ltr'><strong>baliani</strong></span> <span class='ocrx_word' id='word_1_400' title='bbox 745 2916 922 2985; x_wconf 82' lang='lat' dir='ltr'><strong>nequiverunt</strong></span> <span class='ocrx_word' id='word_1_401' title='bbox 973 2929 1181 2987; x_wconf 78' lang='lat' dir='ltr'><strong>crrnqnererelnr</strong></span> <span class='ocrx_word' id='word_1_402' title='bbox 1197 2937 1203 2974; x_wconf 92' lang='lat'>:</span> <span class='ocrx_word' id='word_1_403' title='bbox 1221 2920 1323 2977; x_wconf 86' lang='lat' dir='ltr'><strong>meritis</strong></span> <span class='ocrx_word' id='word_1_404' title='bbox 1348 2921 1400 2977; x_wconf 84' lang='lat' dir='ltr'><strong>inis</strong></span> <span class='ocrx_word' id='word_1_405' title='bbox 1416 2923 1516 2977; x_wconf 83' lang='lat' dir='ltr'><strong>tribuat</strong></span> <span class='ocrx_word' id='word_1_406' title='bbox 1528 2924 1655 2979; x_wconf 85' lang='lat' dir='ltr'><strong>amitibus</strong></span> <span class='ocrx_word' id='word_1_407' title='bbox 1670 2924 1696 2979; x_wconf 94' lang='lat' dir='ltr'><strong>in</strong></span> <span class='ocrx_word' id='word_1_408' title='bbox 1711 2925 1762 2982; x_wconf 88' lang='lat' dir='ltr'><strong>bue</strong></span> 
     </span>
     <span class='ocr_line' id='line_1_30' title="bbox 130 3005 1761 3084; baseline 0 -17"><span class='ocrx_word' id='word_1_409' title='bbox 130 3013 267 3084; x_wconf 76' lang='lat' dir='ltr'><strong>subiicere</strong></span> <span class='ocrx_word' id='word_1_410' title='bbox 291 3012 420 3082; x_wconf 78' lang='lat' dir='ltr'><strong>passioni.</strong></span> <span class='ocrx_word' id='word_1_411' title='bbox 438 3011 544 3066; x_wconf 77' lang='lat' dir='ltr'><strong>Etenim</strong></span> <span class='ocrx_word' id='word_1_412' title='bbox 568 3011 594 3064; x_wconf 92' lang='lat' dir='ltr'><strong>in</strong></span> <span class='ocrx_word' id='word_1_413' title='bbox 621 3019 723 3065; x_wconf 87' lang='lat' dir='ltr'><strong>tanturn</strong></span> <span class='ocrx_word' id='word_1_414' title='bbox 744 3012 921 3081; x_wconf 83' lang='lat' dir='ltr'><strong>persecutoris</strong></span> <span class='ocrx_word' id='word_1_415' title='bbox 974 3008 1029 3061; x_wconf 85' lang='lat' dir='ltr'><strong>rita</strong></span> <span class='ocrx_word' id='word_1_416' title='bbox 1050 3005 1196 3064; x_wconf 83' lang='lat' dir='ltr'><strong>letioiorem</strong></span> <span class='ocrx_word' id='word_1_417' title='bbox 1212 3021 1404 3067; x_wconf 78' lang='lat' dir='ltr'><strong>etenrsmn2et</strong></span> <span class='ocrx_word' id='word_1_418' title='bbox 1418 3012 1445 3065; x_wconf 92' lang='lat' dir='ltr'><strong>in</strong></span> <span class='ocrx_word' id='word_1_419' title='bbox 1458 3012 1663 3083; x_wconf 81' lang='lat' dir='ltr'><strong>iurtrtrsrcgnum</strong></span> <span class='ocrx_word' id='word_1_420' title='bbox 1680 3014 1761 3069; x_wconf 87' lang='lat' dir='ltr'><strong>beati·</strong></span> 
     </span>
     <span class='ocr_line' id='line_1_31' title="bbox 129 3098 1760 3174; baseline -0.002 -14"><span class='ocrx_word' id='word_1_421' title='bbox 129 3103 258 3160; x_wconf 77' lang='lat' dir='ltr'><strong>vecordia</strong></span> <span class='ocrx_word' id='word_1_422' title='bbox 278 3103 437 3158; x_wconf 75' lang='lat' dir='ltr'><strong>ferocisset:</strong></span> <span class='ocrx_word' id='word_1_423' title='bbox 455 3113 482 3157; x_wconf 92' lang='lat' dir='ltr'><strong>ot</strong></span> <span class='ocrx_word' id='word_1_424' title='bbox 494 3104 662 3156; x_wconf 85' lang='lat' dir='ltr'><strong>inlrumatnm</strong></span> <span class='ocrx_word' id='word_1_425' title='bbox 683 3114 781 3170; x_wconf 92' lang='lat' dir='ltr'><strong>eorpus</strong></span> <span class='ocrx_word' id='word_1_426' title='bbox 801 3099 921 3156; x_wconf 77' lang='lat' dir='ltr'><strong>bonoribus</strong></span> <span class='ocrx_word' id='word_1_427' title='bbox 975 3098 1075 3164; x_wconf 74' lang='lat' dir='ltr'><strong>inclinis</strong></span> <span class='ocrx_word' id='word_1_428' title='bbox 1087 3100 1229 3154; x_wconf 90' lang='lat' dir='ltr'><strong>inlinitum.</strong></span> <span class='ocrx_word' id='word_1_429' title='bbox 1240 3101 1272 3156; x_wconf 84' lang='lat' dir='ltr'><strong>iit</strong></span> <span class='ocrx_word' id='word_1_430' title='bbox 1281 3100 1358 3155; x_wconf 84' lang='lat' dir='ltr'><strong>sicuti</strong></span> <span class='ocrx_word' id='word_1_431' title='bbox 1369 3116 1429 3155; x_wconf 84' lang='lat' dir='ltr'><strong>enni</strong></span> <span class='ocrx_word' id='word_1_432' title='bbox 1444 3101 1515 3155; x_wconf 91' lang='lat' dir='ltr'><strong>inter</strong></span> <span class='ocrx_word' id='word_1_433' title='bbox 1528 3104 1760 3174; x_wconf 79' lang='lat' dir='ltr'><strong>qrooassoseeptm</strong></span> 
     </span>
     <span class='ocr_line' id='line_1_32' title="bbox 130 3189 1762 3265; baseline -0.001 -15"><span class='ocrx_word' id='word_1_434' title='bbox 130 3197 413 3265; x_wconf 75' lang='lat' dir='ltr'><strong>deq-orarettrepente</strong></span> <span class='ocrx_word' id='word_1_435' title='bbox 423 3193 609 3250; x_wconf 86' lang='lat' dir='ltr'><strong>munerisossn</strong></span> <span class='ocrx_word' id='word_1_436' title='bbox 620 3193 734 3264; x_wconf 88' lang='lat' dir='ltr'><strong>preciosi</strong></span> <span class='ocrx_word' id='word_1_437' title='bbox 744 3193 923 3249; x_wconf 87' lang='lat' dir='ltr'><strong>ambientibus</strong></span> <span class='ocrx_word' id='word_1_438' title='bbox 974 3197 1000 3244; x_wconf 89' lang='lat' dir='ltr'><strong>te</strong></span> <span class='ocrx_word' id='word_1_439' title='bbox 1010 3189 1183 3251; x_wconf 77' lang='lat' dir='ltr'><strong>conibuentem</strong></span> <span class='ocrx_word' id='word_1_440' title='bbox 1197 3207 1203 3243; x_wconf 96' lang='lat'><strong>:</strong></span> <span class='ocrx_word' id='word_1_441' title='bbox 1219 3191 1254 3244; x_wconf 92' lang='lat' dir='ltr'><strong>ita</strong></span> <span class='ocrx_word' id='word_1_442' title='bbox 1277 3204 1348 3245; x_wconf 80' lang='lat' dir='ltr'><strong>otiare</strong></span> <span class='ocrx_word' id='word_1_443' title='bbox 1360 3191 1454 3258; x_wconf 82' lang='lat' dir='ltr'><strong>iubeas</strong></span> <span class='ocrx_word' id='word_1_444' title='bbox 1472 3191 1598 3248; x_wconf 74' lang='lat' dir='ltr'><strong>corrodite</strong></span> <span class='ocrx_word' id='word_1_445' title='bbox 1614 3208 1662 3260; x_wconf 91' lang='lat' dir='ltr'><strong>pro</strong></span> <span class='ocrx_word' id='word_1_446' title='bbox 1684 3194 1762 3249; x_wconf 80' lang='lat' dir='ltr'><strong>nubis</strong></span> 
     </span>
     <span class='ocr_line' id='line_1_33' title="bbox 132 3279 1761 3354; baseline -0.001 -12"><span class='ocrx_word' id='word_1_447' title='bbox 132 3290 213 3344; x_wconf 85' lang='lat' dir='ltr'><strong>terris</strong></span> <span class='ocrx_word' id='word_1_448' title='bbox 223 3305 230 3342; x_wconf 92' lang='lat'><strong>:</strong></span> <span class='ocrx_word' id='word_1_449' title='bbox 240 3288 343 3344; x_wconf 82' lang='lat' dir='ltr'><strong>saluom</strong></span> <span class='ocrx_word' id='word_1_450' title='bbox 357 3288 426 3343; x_wconf 87' lang='lat' dir='ltr'><strong>unda</strong></span> <span class='ocrx_word' id='word_1_451' title='bbox 440 3286 598 3342; x_wconf 77' lang='lat' dir='ltr'><strong>temulenter</strong></span> <span class='ocrx_word' id='word_1_452' title='bbox 610 3284 737 3340; x_wconf 89' lang='lat' dir='ltr'><strong>restituit.</strong></span> <span class='ocrx_word' id='word_1_453' title='bbox 753 3286 923 3354; x_wconf 79' lang='lat' dir='ltr'><strong>Quapropter</strong></span> <span class='ocrx_word' id='word_1_454' title='bbox 971 3290 1093 3335; x_wconf 88' lang='lat' dir='ltr'><strong>orantem</strong></span> <span class='ocrx_word' id='word_1_455' title='bbox 1111 3297 1117 3333; x_wconf 92' lang='lat'>:</span> <span class='ocrx_word' id='word_1_456' title='bbox 1133 3295 1193 3335; x_wconf 85' lang='lat' dir='ltr'><strong>enin</strong></span> <span class='ocrx_word' id='word_1_457' title='bbox 1209 3280 1242 3336; x_wconf 89' lang='lat' dir='ltr'><strong>ad</strong></span> <span class='ocrx_word' id='word_1_458' title='bbox 1255 3291 1280 3336; x_wconf 89' lang='lat' dir='ltr'><strong>te</strong></span> <span class='ocrx_word' id='word_1_459' title='bbox 1292 3279 1544 3350; x_wconf 79' lang='lat' dir='ltr'><strong>proclamaverimus</strong></span> <span class='ocrx_word' id='word_1_460' title='bbox 1557 3298 1572 3338; x_wconf 94' lang='lat' dir='ltr'><strong>e</strong></span> <span class='ocrx_word' id='word_1_461' title='bbox 1583 3283 1761 3340; x_wconf 75' lang='lat' dir='ltr'><strong>terrisono</strong></span> 
     </span>
     <span class='ocr_line' id='line_1_34' title="bbox 132 3375 1075 3447; baseline -0.004 -16"><span class='ocrx_word' id='word_1_462' title='bbox 132 3382 169 3432; x_wconf 92' lang='lat' dir='ltr'><strong>ob</strong></span> <span class='ocrx_word' id='word_1_463' title='bbox 184 3379 238 3434; x_wconf 89' lang='lat' dir='ltr'><strong>boe</strong></span> <span class='ocrx_word' id='word_1_464' title='bbox 255 3377 351 3434; x_wconf 85' lang='lat' dir='ltr'><strong>birino</strong></span> <span class='ocrx_word' id='word_1_465' title='bbox 366 3388 431 3432; x_wconf 86' lang='lat' dir='ltr'><strong>rrutu</strong></span> <span class='ocrx_word' id='word_1_466' title='bbox 459 3380 540 3432; x_wconf 86' lang='lat' dir='ltr'><strong>niaris</strong></span> <span class='ocrx_word' id='word_1_467' title='bbox 555 3375 686 3447; x_wconf 81' lang='lat' dir='ltr'><strong>profunda</strong></span> <span class='ocrx_word' id='word_1_468' title='bbox 714 3378 877 3445; x_wconf 87' lang='lat' dir='ltr'><strong>tetigerunt:</strong></span> <span class='ocrx_word' id='word_1_469' title='bbox 893 3385 922 3434; x_wconf 89' lang='lat' dir='ltr'><strong>ut</strong></span> <span class='ocrx_word' id='word_1_470' title='bbox 973 3381 1075 3427; x_wconf 88' lang='lat' dir='ltr'><strong>noster.</strong></span> 
     </span>
     <span class='ocr_line' id='line_1_35' title="bbox 130 3463 1759 3538; baseline -0.001 -15"><span class='ocrx_word' id='word_1_471' title='bbox 130 3483 165 3523; x_wconf 84' lang='lat' dir='ltr'><strong>es</strong></span> <span class='ocrx_word' id='word_1_472' title='bbox 188 3467 331 3538; x_wconf 81' lang='lat' dir='ltr'><strong>equalibus</strong></span> <span class='ocrx_word' id='word_1_473' title='bbox 357 3467 476 3523; x_wconf 86' lang='lat' dir='ltr'><strong>otttcion</strong></span> <span class='ocrx_word' id='word_1_474' title='bbox 496 3467 577 3522; x_wconf 88' lang='lat' dir='ltr'><strong>etiam</strong></span> <span class='ocrx_word' id='word_1_475' title='bbox 601 3465 687 3537; x_wconf 81' lang='lat' dir='ltr'><strong>ipsum</strong></span> <span class='ocrx_word' id='word_1_476' title='bbox 713 3467 798 3535; x_wconf 85' lang='lat' dir='ltr'><strong>possit</strong></span> <span class='ocrx_word' id='word_1_477' title='bbox 821 3467 923 3522; x_wconf 87' lang='lat' dir='ltr'><strong>seruire</strong></span> <span class='ocrx_word' id='word_1_478' title='bbox 1008 3463 1082 3520; x_wconf 82' lang='lat' dir='ltr'><strong>Dicat</strong></span> <span class='ocrx_word' id='word_1_479' title='bbox 1097 3465 1241 3538; x_wconf 78' lang='lat' dir='ltr'><strong>l‘resbgter.</strong></span> <span class='ocrx_word' id='word_1_480' title='bbox 1264 3465 1406 3522; x_wconf 81' lang='lat' dir='ltr'><strong>llumiliate</strong></span> <span class='ocrx_word' id='word_1_481' title='bbox 1431 3479 1478 3520; x_wconf 84' lang='lat' dir='ltr'><strong>ros</strong></span> <span class='ocrx_word' id='word_1_482' title='bbox 1502 3465 1690 3522; x_wconf 88' lang='lat' dir='ltr'><strong>benedictioni.</strong></span> <span class='ocrx_word' id='word_1_483' title='bbox 1709 3467 1759 3523; x_wconf 78' lang='lat' dir='ltr'><strong>bo</strong></span> 
     </span>
     <span class='ocr_line' id='line_1_36' title="bbox 132 3555 1582 3630; baseline -0.001 -17"><span class='ocrx_word' id='word_1_484' title='bbox 132 3555 285 3628; x_wconf 72' lang='lat' dir='ltr'><strong>naufragio.</strong></span> <span class='ocrx_word' id='word_1_485' title='bbox 300 3557 381 3630; x_wconf 71' lang='lat'><strong>206</strong></span> <span class='ocrx_word' id='word_1_486' title='bbox 392 3556 449 3612; x_wconf 83' lang='lat' dir='ltr'><strong>Tus</strong></span> <span class='ocrx_word' id='word_1_487' title='bbox 463 3566 526 3613; x_wconf 89' lang='lat' dir='ltr'><strong>sont</strong></span> <span class='ocrx_word' id='word_1_488' title='bbox 536 3556 648 3612; x_wconf 85' lang='lat' dir='ltr'><strong>bomine</strong></span> <span class='ocrx_word' id='word_1_489' title='bbox 657 3558 707 3613; x_wconf 90' lang='lat' dir='ltr'><strong>ista</strong></span> <span class='ocrx_word' id='word_1_490' title='bbox 719 3557 846 3612; x_wconf 85' lang='lat' dir='ltr'><strong>unrocula</strong></span> <span class='ocrx_word' id='word_1_491' title='bbox 857 3574 863 3610; x_wconf 90' lang='lat'>:</span> <span class='ocrx_word' id='word_1_492' title='bbox 876 3557 921 3628; x_wconf 91' lang='lat' dir='ltr'><strong>qni</strong></span> <span class='ocrx_word' id='word_1_493' title='bbox 972 3558 1061 3613; x_wconf 88' lang='lat' dir='ltr'><strong>minut</strong></span> <span class='ocrx_word' id='word_1_494' title='bbox 1073 3559 1105 3613; x_wconf 89' lang='lat' dir='ltr'><strong>sir</strong></span> <span class='ocrx_word' id='word_1_495' title='bbox 1120 3573 1227 3627; x_wconf 84' lang='lat' dir='ltr'><strong>semper</strong></span> <span class='ocrx_word' id='word_1_496' title='bbox 1242 3560 1388 3613; x_wconf 77' lang='lat' dir='ltr'><strong>nobiscnm.</strong></span> <span class='ocrx_word' id='word_1_497' title='bbox 1414 3557 1450 3627; x_wconf 73' lang='lat' dir='ltr'><strong>ti.</strong></span> <span class='ocrx_word' id='word_1_498' title='bbox 1466 3556 1498 3612; x_wconf 86' lang='lat' dir='ltr'><strong>Et</strong></span> <span class='ocrx_word' id='word_1_499' title='bbox 1511 3572 1582 3612; x_wconf 68' lang='lat' dir='ltr'><strong>estin.</strong></span> 
     </span>
     <span class='ocr_line' id='line_1_37' title="bbox 130 3646 1758 3719; baseline 0.004 -17"><span class='ocrx_word' id='word_1_500' title='bbox 130 3647 211 3703; x_wconf 85' lang='lat' dir='ltr'><strong>tortis</strong></span> <span class='ocrx_word' id='word_1_501' title='bbox 224 3656 250 3704; x_wconf 90' lang='lat' dir='ltr'><strong>et</strong></span> <span class='ocrx_word' id='word_1_502' title='bbox 263 3655 357 3718; x_wconf 87' lang='lat' dir='ltr'><strong>poleos</strong></span> <span class='ocrx_word' id='word_1_503' title='bbox 370 3663 417 3701; x_wconf 89' lang='lat' dir='ltr'><strong>es:</strong></span> <span class='ocrx_word' id='word_1_504' title='bbox 435 3661 466 3701; x_wconf 89' lang='lat' dir='ltr'><strong>ac</strong></span> <span class='ocrx_word' id='word_1_505' title='bbox 481 3646 551 3702; x_wconf 85' lang='lat' dir='ltr'><strong>inslc</strong></span> <span class='ocrx_word' id='word_1_506' title='bbox 563 3661 594 3702; x_wconf 89' lang='lat' dir='ltr'><strong>ns</strong></span> <span class='ocrx_word' id='word_1_507' title='bbox 617 3647 643 3702; x_wconf 90' lang='lat' dir='ltr'><strong>in</strong></span> <span class='ocrx_word' id='word_1_508' title='bbox 659 3647 752 3716; x_wconf 86' lang='lat' dir='ltr'><strong>prelio.</strong></span> <span class='ocrx_word' id='word_1_509' title='bbox 769 3647 845 3701; x_wconf 87' lang='lat' dir='ltr'><strong>Unde</strong></span> <span class='ocrx_word' id='word_1_510' title='bbox 860 3662 921 3716; x_wconf 91' lang='lat' dir='ltr'><strong>pre·</strong></span> <span class='ocrx_word' id='word_1_511' title='bbox 1007 3648 1163 3704; x_wconf 78' lang='lat' dir='ltr'><strong>benedictio.</strong></span> <span class='ocrx_word' id='word_1_512' title='bbox 1176 3649 1246 3704; x_wconf 83' lang='lat' dir='ltr'><strong>bens</strong></span> <span class='ocrx_word' id='word_1_513' title='bbox 1258 3651 1345 3704; x_wconf 84' lang='lat' dir='ltr'><strong>iurrnn</strong></span> <span class='ocrx_word' id='word_1_514' title='bbox 1356 3663 1493 3706; x_wconf 88' lang='lat' dir='ltr'><strong>eternum:</strong></span> <span class='ocrx_word' id='word_1_515' title='bbox 1507 3651 1551 3719; x_wconf 86' lang='lat' dir='ltr'><strong>qui</strong></span> <span class='ocrx_word' id='word_1_516' title='bbox 1564 3665 1658 3706; x_wconf 86' lang='lat' dir='ltr'><strong>norom</strong></span> <span class='ocrx_word' id='word_1_517' title='bbox 1670 3652 1758 3708; x_wconf 89' lang='lat' dir='ltr'><strong>iucem</strong></span> 
     </span>
     <span class='ocr_line' id='line_1_38' title="bbox 131 3736 1759 3811; baseline 0.003 -17"><span class='ocrx_word' id='word_1_518' title='bbox 131 3747 279 3794; x_wconf 67' lang='lat' dir='ltr'><strong>ermanni</strong></span> <span class='ocrx_word' id='word_1_519' title='bbox 291 3736 349 3793; x_wconf 87' lang='lat' dir='ltr'><strong>istic</strong></span> <span class='ocrx_word' id='word_1_520' title='bbox 360 3737 403 3792; x_wconf 91' lang='lat' dir='ltr'><strong>nbi</strong></span> <span class='ocrx_word' id='word_1_521' title='bbox 415 3737 492 3792; x_wconf 87' lang='lat' dir='ltr'><strong>nobis</strong></span> <span class='ocrx_word' id='word_1_522' title='bbox 503 3738 665 3808; x_wconf 87' lang='lat' dir='ltr'><strong>repositaest</strong></span> <span class='ocrx_word' id='word_1_523' title='bbox 679 3739 736 3807; x_wconf 79' lang='lat' dir='ltr'><strong>eins</strong></span> <span class='ocrx_word' id='word_1_524' title='bbox 751 3739 921 3807; x_wconf 86' lang='lat' dir='ltr'><strong>reliquiarum</strong></span> <span class='ocrx_word' id='word_1_525' title='bbox 973 3739 1083 3810; x_wconf 80' lang='lat' dir='ltr'><strong>ilartpri</strong></span> <span class='ocrx_word' id='word_1_526' title='bbox 1098 3754 1148 3794; x_wconf 92' lang='lat' dir='ltr'><strong>suu</strong></span> <span class='ocrx_word' id='word_1_527' title='bbox 1172 3740 1311 3795; x_wconf 84' lang='lat' dir='ltr'><strong>i&#39;incentio</strong></span> <span class='ocrx_word' id='word_1_528' title='bbox 1336 3742 1424 3811; x_wconf 80' lang='lat' dir='ltr'><strong>p-oito</strong></span> <span class='ocrx_word' id='word_1_529' title='bbox 1449 3741 1552 3798; x_wconf 78' lang='lat' dir='ltr'><strong>refulsit</strong></span> <span class='ocrx_word' id='word_1_530' title='bbox 1576 3741 1601 3797; x_wconf 93' lang='lat' dir='ltr'><strong>in</strong></span> <span class='ocrx_word' id='word_1_531' title='bbox 1630 3757 1759 3800; x_wconf 83' lang='lat' dir='ltr'><strong>carcere:</strong></span> 
     </span>
     <span class='ocr_line' id='line_1_39' title="bbox 132 3827 1761 3900; baseline 0.004 -17"><span class='ocrx_word' id='word_1_532' title='bbox 132 3827 221 3896; x_wconf 87' lang='lat' dir='ltr'><strong>portio</strong></span> <span class='ocrx_word' id='word_1_533' title='bbox 233 3830 381 3885; x_wconf 84' lang='lat' dir='ltr'><strong>:erestssit</strong></span> <span class='ocrx_word' id='word_1_534' title='bbox 394 3830 705 3900; x_wconf 85' lang='lat' dir='ltr'><strong>patrociniisplenitudo.</strong></span> <span class='ocrx_word' id='word_1_535' title='bbox 723 3831 774 3887; x_wconf 75' lang='lat' dir='ltr'><strong>i‘er</strong></span> <span class='ocrx_word' id='word_1_536' title='bbox 787 3831 921 3888; x_wconf 82' lang='lat' dir='ltr'><strong>Citristrnn</strong></span> <span class='ocrx_word' id='word_1_537' title='bbox 973 3832 1121 3887; x_wconf 83' lang='lat' dir='ltr'><strong>inlucescat</strong></span> <span class='ocrx_word' id='word_1_538' title='bbox 1134 3829 1160 3884; x_wconf 91' lang='lat' dir='ltr'><strong>io</strong></span> <span class='ocrx_word' id='word_1_539' title='bbox 1176 3832 1301 3885; x_wconf 80' lang='lat' dir='ltr'><strong>contnuo</strong></span> <span class='ocrx_word' id='word_1_540' title='bbox 1317 3832 1412 3886; x_wconf 80' lang='lat' dir='ltr'><strong>cestris</strong></span> <span class='ocrx_word' id='word_1_541' title='bbox 1425 3831 1458 3885; x_wconf 87' lang='lat' dir='ltr'><strong>ad</strong></span> <span class='ocrx_word' id='word_1_542' title='bbox 1472 3841 1592 3888; x_wconf 79' lang='lat' dir='ltr'><strong>mernor</strong></span> <span class='ocrx_word' id='word_1_543' title='bbox 1607 3849 1761 3891; x_wconf 89' lang='lat' dir='ltr'><strong>remunera·</strong></span> 
     </span>
     <span class='ocr_line' id='line_1_40' title="bbox 133 3920 1760 3996; baseline 0.002 -19"><span class='ocrx_word' id='word_1_544' title='bbox 133 3920 278 3977; x_wconf 58' lang='lat' dir='ltr'><strong>murrinum</strong></span> <span class='ocrx_word' id='word_1_545' title='bbox 291 3937 322 3978; x_wconf 87' lang='lat' dir='ltr'><strong>sc</strong></span> <span class='ocrx_word' id='word_1_546' title='bbox 337 3924 534 3993; x_wconf 78' lang='lat' dir='ltr'><strong>reolernptorem</strong></span> <span class='ocrx_word' id='word_1_547' title='bbox 547 3934 680 3980; x_wconf 89' lang='lat' dir='ltr'><strong>eternum.</strong></span> <span class='ocrx_word' id='word_1_548' title='bbox 972 3927 1084 3980; x_wconf 84' lang='lat' dir='ltr'><strong>tionem.</strong></span> <span class='ocrx_word' id='word_1_549' title='bbox 1109 3925 1145 3994; x_wconf 77' lang='lat' dir='ltr'><strong>ri.</strong></span> <span class='ocrx_word' id='word_1_550' title='bbox 1165 3930 1260 3980; x_wconf 81' lang='lat' dir='ltr'><strong>naneti.</strong></span> <span class='ocrx_word' id='word_1_551' title='bbox 1278 3925 1310 3980; x_wconf 84' lang='lat' dir='ltr'><strong>tn</strong></span> <span class='ocrx_word' id='word_1_552' title='bbox 1322 3927 1367 3995; x_wconf 89' lang='lat' dir='ltr'><strong>qni</strong></span> <span class='ocrx_word' id='word_1_553' title='bbox 1378 3940 1475 3996; x_wconf 86' lang='lat' dir='ltr'><strong>eorpus</strong></span> <span class='ocrx_word' id='word_1_554' title='bbox 1487 3928 1545 3994; x_wconf 82' lang='lat' dir='ltr'><strong>ejus</strong></span> <span class='ocrx_word' id='word_1_555' title='bbox 1554 3928 1580 3983; x_wconf 94' lang='lat' dir='ltr'><strong>in</strong></span> <span class='ocrx_word' id='word_1_556' title='bbox 1591 3929 1678 3984; x_wconf 78' lang='lat' dir='ltr'><strong>merlin</strong></span> <span class='ocrx_word' id='word_1_557' title='bbox 1694 3931 1760 3982; x_wconf 83' lang='lat' dir='ltr'><strong>mari</strong></span> 
     </span>
     <span class='ocr_line' id='line_1_41' title="bbox 167 4013 1758 4086; baseline 0.003 -17"><span class='ocrx_word' id='word_1_558' title='bbox 167 4013 235 4071; x_wconf 79' lang='lat' dir='ltr'><strong>Post</strong></span> <span class='ocrx_word' id='word_1_559' title='bbox 248 4015 344 4086; x_wconf 86' lang='lat' dir='ltr'><strong>pridie.</strong></span> <span class='ocrx_word' id='word_1_560' title='bbox 360 4013 462 4070; x_wconf 72' lang='lat' dir='ltr'><strong>Oratio.</strong></span> <span class='ocrx_word' id='word_1_561' title='bbox 477 4013 601 4071; x_wconf 87' lang='lat' dir='ltr'><strong>Concede</strong></span> <span class='ocrx_word' id='word_1_562' title='bbox 616 4017 668 4072; x_wconf 87' lang='lat' dir='ltr'><strong>luis</strong></span> <span class='ocrx_word' id='word_1_563' title='bbox 682 4030 731 4086; x_wconf 93' lang='lat' dir='ltr'><strong>pro</strong></span> <span class='ocrx_word' id='word_1_564' title='bbox 746 4014 922 4085; x_wconf 84' lang='lat' dir='ltr'><strong>delictissup-</strong></span> <span class='ocrx_word' id='word_1_565' title='bbox 971 4017 1118 4071; x_wconf 87' lang='lat' dir='ltr'><strong>dimersum</strong></span> <span class='ocrx_word' id='word_1_566' title='bbox 1142 4016 1253 4069; x_wconf 84' lang='lat' dir='ltr'><strong>marinis</strong></span> <span class='ocrx_word' id='word_1_567' title='bbox 1282 4015 1429 4085; x_wconf 88' lang='lat' dir='ltr'><strong>gurgitibus</strong></span> <span class='ocrx_word' id='word_1_568' title='bbox 1460 4019 1594 4072; x_wconf 79' lang='lat' dir='ltr'><strong>revocarit</strong></span> <span class='ocrx_word' id='word_1_569' title='bbox 1612 4019 1645 4072; x_wconf 82' lang='lat' dir='ltr'><strong>sd</strong></span> <span class='ocrx_word' id='word_1_570' title='bbox 1671 4018 1758 4074; x_wconf 89' lang='lat' dir='ltr'><strong>litus:</strong></span> 
     </span>
     <span class='ocr_line' id='line_1_42' title="bbox 132 4106 1759 4180; baseline 0.001 -18"><span class='ocrx_word' id='word_1_571' title='bbox 132 4108 294 4176; x_wconf 81' lang='lat' dir='ltr'><strong>plicantibns</strong></span> <span class='ocrx_word' id='word_1_572' title='bbox 306 4106 414 4163; x_wconf 84' lang='lat' dir='ltr'><strong>lamnlis</strong></span> <span class='ocrx_word' id='word_1_573' title='bbox 424 4108 501 4163; x_wconf 85' lang='lat' dir='ltr'><strong>tenio</strong></span> <span class='ocrx_word' id='word_1_574' title='bbox 513 4111 737 4177; x_wconf 78' lang='lat' dir='ltr'><strong>prou-eorumnqoi</strong></span> <span class='ocrx_word' id='word_1_575' title='bbox 747 4110 781 4166; x_wconf 95' lang='lat' dir='ltr'><strong>ub</strong></span> <span class='ocrx_word' id='word_1_576' title='bbox 792 4111 923 4180; x_wconf 83' lang='lat' dir='ltr'><strong>passionis</strong></span> <span class='ocrx_word' id='word_1_577' title='bbox 973 4118 1079 4162; x_wconf 88' lang='lat' dir='ltr'><strong>reuocet</strong></span> <span class='ocrx_word' id='word_1_578' title='bbox 1094 4109 1178 4160; x_wconf 84' lang='lat' dir='ltr'><strong>ritant</strong></span> <span class='ocrx_word' id='word_1_579' title='bbox 1194 4121 1308 4161; x_wconf 84' lang='lat' dir='ltr'><strong>restrum</strong></span> <span class='ocrx_word' id='word_1_580' title='bbox 1330 4106 1364 4161; x_wconf 87' lang='lat' dir='ltr'><strong>ab</strong></span> <span class='ocrx_word' id='word_1_581' title='bbox 1379 4107 1487 4163; x_wconf 84' lang='lat' dir='ltr'><strong>irsterito</strong></span> <span class='ocrx_word' id='word_1_582' title='bbox 1503 4117 1529 4162; x_wconf 92' lang='lat' dir='ltr'><strong>et</strong></span> <span class='ocrx_word' id='word_1_583' title='bbox 1544 4110 1631 4164; x_wconf 71' lang='lat' dir='ltr'><strong>noxiis</strong></span> <span class='ocrx_word' id='word_1_584' title='bbox 1644 4110 1759 4166; x_wconf 82' lang='lat' dir='ltr'><strong>actibus.</strong></span> 
     </span>
     <span class='ocr_line' id='line_1_43' title="bbox 132 4196 1759 4269; baseline 0.001 -13"><span class='ocrx_word' id='word_1_585' title='bbox 132 4200 265 4268; x_wconf 77' lang='lat' dir='ltr'><strong>presidum</strong></span> <span class='ocrx_word' id='word_1_586' title='bbox 283 4214 409 4254; x_wconf 85' lang='lat' dir='ltr'><strong>coronam</strong></span> <span class='ocrx_word' id='word_1_587' title='bbox 424 4202 501 4255; x_wconf 86' lang='lat' dir='ltr'><strong>beato</strong></span> <span class='ocrx_word' id='word_1_588' title='bbox 515 4201 652 4257; x_wconf 78' lang='lat' dir='ltr'><strong>Vincentio</strong></span> <span class='ocrx_word' id='word_1_589' title='bbox 663 4202 808 4258; x_wconf 89' lang='lat' dir='ltr'><strong>contulisti.</strong></span> <span class='ocrx_word' id='word_1_590' title='bbox 822 4202 923 4259; x_wconf 81' lang='lat' dir='ltr'><strong>Tribus</strong></span> <span class='ocrx_word' id='word_1_591' title='bbox 981 4199 1018 4267; x_wconf 77' lang='lat' dir='ltr'><strong>ti.</strong></span> <span class='ocrx_word' id='word_1_592' title='bbox 1034 4199 1132 4253; x_wconf 83' lang='lat' dir='ltr'><strong>tneo.</strong></span> <span class='ocrx_word' id='word_1_593' title='bbox 1147 4196 1251 4265; x_wconf 75' lang='lat' dir='ltr'><strong>Quique</strong></span> <span class='ocrx_word' id='word_1_594' title='bbox 1266 4210 1348 4252; x_wconf 83' lang='lat' dir='ltr'><strong>cortu</strong></span> <span class='ocrx_word' id='word_1_595' title='bbox 1362 4198 1526 4267; x_wconf 85' lang='lat' dir='ltr'><strong>obsequente</strong></span> <span class='ocrx_word' id='word_1_596' title='bbox 1540 4216 1547 4252; x_wconf 79' lang='lat' dir='ltr'><strong><em>z</em></strong></span> <span class='ocrx_word' id='word_1_597' title='bbox 1563 4197 1684 4256; x_wconf 80' lang='lat' dir='ltr'><strong>dilatarit</strong></span> <span class='ocrx_word' id='word_1_598' title='bbox 1698 4216 1759 4269; x_wconf 88' lang='lat' dir='ltr'><strong>pre·</strong></span> 
     </span>
     <span class='ocr_line' id='line_1_44' title="bbox 131 4284 1759 4361; baseline 0 -17"><span class='ocrx_word' id='word_1_599' title='bbox 131 4302 281 4357; x_wconf 65' lang='lat' dir='ltr'><strong>armamus</strong></span> <span class='ocrx_word' id='word_1_600' title='bbox 298 4294 396 4344; x_wconf 88' lang='lat' dir='ltr'><strong>uostris</strong></span> <span class='ocrx_word' id='word_1_601' title='bbox 418 4291 476 4361; x_wconf 76' lang='lat' dir='ltr'><strong>eins</strong></span> <span class='ocrx_word' id='word_1_602' title='bbox 491 4292 682 4348; x_wconf 79' lang='lat' dir='ltr'><strong>intercessione</strong></span> <span class='ocrx_word' id='word_1_603' title='bbox 695 4293 826 4350; x_wconf 88' lang='lat' dir='ltr'><strong>medelam</strong></span> <span class='ocrx_word' id='word_1_604' title='bbox 850 4293 922 4350; x_wconf 77' lang='lat' dir='ltr'><strong>adee-</strong></span> <span class='ocrx_word' id='word_1_605' title='bbox 974 4286 1038 4342; x_wconf 76' lang='lat' dir='ltr'><strong>tiit-ti</strong></span> <span class='ocrx_word' id='word_1_606' title='bbox 1065 4287 1188 4356; x_wconf 83' lang='lat' dir='ltr'><strong>biartyris</strong></span> <span class='ocrx_word' id='word_1_607' title='bbox 1201 4286 1312 4358; x_wconf 86' lang='lat' dir='ltr'><strong>gloriam</strong></span> <span class='ocrx_word' id='word_1_608' title='bbox 1333 4302 1340 4339; x_wconf 74' lang='grc' dir='ltr'><strong><em>ε</em></strong></span> <span class='ocrx_word' id='word_1_609' title='bbox 1356 4284 1526 4341; x_wconf 73' lang='lat' dir='ltr'><strong>devotionem</strong></span> <span class='ocrx_word' id='word_1_610' title='bbox 1541 4298 1658 4343; x_wconf 80' lang='lat' dir='ltr'><strong>vestram</strong></span> <span class='ocrx_word' id='word_1_611' title='bbox 1680 4290 1759 4344; x_wconf 83' lang='lat' dir='ltr'><strong>solita</strong></span> 
     </span>
     <span class='ocr_line' id='line_1_45' title="bbox 131 4375 1757 4455; baseline 0.001 -24"><span class='ocrx_word' id='word_1_612' title='bbox 131 4379 207 4433; x_wconf 82' lang='lat' dir='ltr'><strong>rilms</strong></span> <span class='ocrx_word' id='word_1_613' title='bbox 222 4395 229 4431; x_wconf 92' lang='lat'>:</span> <span class='ocrx_word' id='word_1_614' title='bbox 245 4378 322 4448; x_wconf 84' lang='lat' dir='ltr'><strong>cujus</strong></span> <span class='ocrx_word' id='word_1_615' title='bbox 342 4381 494 4436; x_wconf 80' lang='lat' dir='ltr'><strong>cultioribus</strong></span> <span class='ocrx_word' id='word_1_616' title='bbox 510 4380 648 4436; x_wconf 86' lang='lat' dir='ltr'><strong>mirilicnur</strong></span> <span class='ocrx_word' id='word_1_617' title='bbox 677 4383 829 4440; x_wconf 83' lang='lat' dir='ltr'><strong>earoiilcem</strong></span> <span class='ocrx_word' id='word_1_618' title='bbox 845 4401 924 4455; x_wconf 70' lang='lat' dir='ltr'><strong>sepo.</strong></span> <span class='ocrx_word' id='word_1_619' title='bbox 976 4378 1163 4447; x_wconf 86' lang='lat' dir='ltr'><strong>propitiatione</strong></span> <span class='ocrx_word' id='word_1_620' title='bbox 1173 4376 1309 4447; x_wconf 82' lang='lat' dir='ltr'><strong>suscipiat.</strong></span> <span class='ocrx_word' id='word_1_621' title='bbox 1329 4375 1364 4445; x_wconf 74' lang='lat' dir='ltr'><strong>ti.</strong></span> <span class='ocrx_word' id='word_1_622' title='bbox 1378 4378 1474 4433; x_wconf 76' lang='lat' dir='ltr'><strong>butten.</strong></span> <span class='ocrx_word' id='word_1_623' title='bbox 1490 4376 1539 4433; x_wconf 84' lang='lat' dir='ltr'><strong>Per</strong></span> <span class='ocrx_word' id='word_1_624' title='bbox 1550 4377 1757 4435; x_wconf 83' lang='lat' dir='ltr'><strong>misericordiam</strong></span> 
     </span>
     <span class='ocr_line' id='line_1_46' title="bbox 130 4468 1646 4551; baseline 0.008 -26"><span class='ocrx_word' id='word_1_625' title='bbox 130 4471 207 4526; x_wconf 79' lang='lat' dir='ltr'><strong>rasti.</strong></span> <span class='ocrx_word' id='word_1_626' title='bbox 235 4469 367 4541; x_wconf 78' lang='lat' dir='ltr'><strong>Extingue</strong></span> <span class='ocrx_word' id='word_1_627' title='bbox 389 4473 480 4527; x_wconf 85' lang='lat' dir='ltr'><strong>Sancti</strong></span> <span class='ocrx_word' id='word_1_628' title='bbox 497 4472 610 4542; x_wconf 88' lang='lat' dir='ltr'><strong>Spiritus</strong></span> <span class='ocrx_word' id='word_1_629' title='bbox 632 4488 693 4529; x_wconf 90' lang='lat' dir='ltr'><strong>rore</strong></span> <span class='ocrx_word' id='word_1_630' title='bbox 712 4488 863 4532; x_wconf 88' lang='lat' dir='ltr'><strong>trostrornm</strong></span> <span class='ocrx_word' id='word_1_631' title='bbox 883 4480 961 4551; x_wconf 77' lang='lat' dir='ltr'><strong>iti-n</strong></span> <span class='ocrx_word' id='word_1_632' title='bbox 977 4471 1057 4539; x_wconf 63' lang='grc' dir='ltr'>ῑιιῦὶιιι</span> <span class='ocrx_word' id='word_1_633' title='bbox 1073 4469 1119 4524; x_wconf 74' lang='grc' dir='ltr'><strong>ὓθῑ</strong></span> <span class='ocrx_word' id='word_1_634' title='bbox 1132 4479 1186 4524; x_wconf 71' lang='lat'><strong>⁰¹⁰·</strong></span> <span class='ocrx_word' id='word_1_635' title='bbox 1197 4468 1325 4523; x_wconf 62' lang='lat' dir='ltr'><strong>nilminus</strong></span> <span class='ocrx_word' id='word_1_636' title='bbox 1336 4468 1372 4522; x_wconf 69' lang='grc' dir='ltr'><strong>*Ῑῑ</strong></span> <span class='ocrx_word' id='word_1_637' title='bbox 1383 4482 1489 4537; x_wconf 72' lang='lat' dir='ltr'><strong>⁸0¹¹¹W</strong></span> <span class='ocrx_word' id='word_1_638' title='bbox 1500 4469 1646 4529; x_wconf 48' lang='lat' dir='ltr'><strong>&#39;‘lilinum-</strong></span> 
     </span>
     <span class='ocr_line' id='line_1_47' title="bbox 130 4554 1658 4639; baseline 0.003 -23"><span class='ocrx_word' id='word_1_639' title='bbox 130 4561 237 4616; x_wconf 83' lang='lat' dir='ltr'><strong>oerrtira</strong></span> <span class='ocrx_word' id='word_1_640' title='bbox 260 4559 387 4616; x_wconf 79' lang='lat' dir='ltr'><strong>viciorum</strong></span> <span class='ocrx_word' id='word_1_641' title='bbox 405 4579 411 4616; x_wconf 96' lang='lat'><strong>:</strong></span> <span class='ocrx_word' id='word_1_642' title='bbox 426 4563 470 4633; x_wconf 91' lang='lat' dir='ltr'><strong>qni</strong></span> <span class='ocrx_word' id='word_1_643' title='bbox 492 4562 559 4634; x_wconf 60' lang='lat' dir='ltr'><strong>iusti</strong></span> <span class='ocrx_word' id='word_1_644' title='bbox 588 4564 638 4618; x_wconf 83' lang='lat' dir='ltr'><strong>ode</strong></span> <span class='ocrx_word' id='word_1_645' title='bbox 661 4565 756 4634; x_wconf 86' lang='lat' dir='ltr'><strong>ignitas</strong></span> <span class='ocrx_word' id='word_1_646' title='bbox 770 4568 920 4639; x_wconf 86' lang='lat' dir='ltr'><strong>sartagines</strong></span> <span class='ocrx_word' id='word_1_647' title='bbox 1011 4559 1085 4613; x_wconf 72' lang='lat' dir='ltr'><strong>Dicat</strong></span> <span class='ocrx_word' id='word_1_648' title='bbox 1106 4558 1214 4613; x_wconf 67' lang='lat' dir='ltr'><strong>Gllvltt·</strong></span> <span class='ocrx_word' id='word_1_649' title='bbox 1231 4557 1351 4613; x_wconf 56' lang='lat' dir='ltr'><strong>Gutum·</strong></span> <span class='ocrx_word' id='word_1_650' title='bbox 1649 4554 1658 4566; x_wconf 67' lang='lat'><strong><em>⁴</em></strong></span> 
     </span>
     <span class='ocr_line' id='line_1_48' title="bbox 129 4650 1328 4723; baseline 0.007 -17"><span class='ocrx_word' id='word_1_651' title='bbox 129 4651 264 4723; x_wconf 84' lang='lat' dir='ltr'><strong>glaciasti.</strong></span> <span class='ocrx_word' id='word_1_652' title='bbox 281 4650 389 4721; x_wconf 84' lang='lat' dir='ltr'><strong>Depelle</strong></span> <span class='ocrx_word' id='word_1_653' title='bbox 410 4653 471 4708; x_wconf 86' lang='lat' dir='ltr'><strong>odoi</strong></span> <span class='ocrx_word' id='word_1_654' title='bbox 502 4670 612 4710; x_wconf 88' lang='lat' dir='ltr'><strong>munere</strong></span> <span class='ocrx_word' id='word_1_655' title='bbox 642 4667 733 4711; x_wconf 89' lang='lat' dir='ltr'><strong>nostre</strong></span> <span class='ocrx_word' id='word_1_656' title='bbox 758 4656 922 4714; x_wconf 85' lang='lat' dir='ltr'><strong>iulldclitatis</strong></span> <span class='ocrx_word' id='word_1_657' title='bbox 1010 4652 1082 4708; x_wconf 77' lang='lat' dir='ltr'><strong>Coto·</strong></span> <span class='ocrx_word' id='word_1_658' title='bbox 1098 4650 1199 4706; x_wconf 83' lang='lat' dir='ltr'><strong>iiolecti</strong></span> <span class='ocrx_word' id='word_1_659' title='bbox 1215 4650 1328 4705; x_wconf 83' lang='lat' dir='ltr'><strong>coristi.</strong></span> 
     </span>
     <span class='ocr_line' id='line_1_49' title="bbox 129 4741 1687 4815; baseline 0.002 -18"><span class='ocrx_word' id='word_1_660' title='bbox 129 4741 298 4813; x_wconf 75' lang='lat' dir='ltr'><strong>ealigirtem:</strong></span> <span class='ocrx_word' id='word_1_661' title='bbox 321 4744 365 4814; x_wconf 89' lang='lat' dir='ltr'><strong>qui</strong></span> <span class='ocrx_word' id='word_1_662' title='bbox 381 4744 503 4815; x_wconf 73' lang='lat' dir='ltr'><strong>moliundi</strong></span> <span class='ocrx_word' id='word_1_663' title='bbox 522 4745 638 4801; x_wconf 85' lang='lat' dir='ltr'><strong>carceris</strong></span> <span class='ocrx_word' id='word_1_664' title='bbox 652 4755 756 4801; x_wconf 87' lang='lat' dir='ltr'><strong>noctem</strong></span> <span class='ocrx_word' id='word_1_665' title='bbox 783 4747 819 4803; x_wconf 94' lang='lat' dir='ltr'><strong>ob</strong></span> <span class='ocrx_word' id='word_1_666' title='bbox 836 4749 922 4804; x_wconf 86' lang='lat' dir='ltr'><strong>tatteti</strong></span> <span class='ocrx_word' id='word_1_667' title='bbox 1012 4746 1111 4799; x_wconf 69' lang='lat' dir='ltr'><strong>ornato.</strong></span> <span class='ocrx_word' id='word_1_668' title='bbox 1124 4743 1236 4800; x_wconf 84' lang='lat' dir='ltr'><strong>bomine</strong></span> <span class='ocrx_word' id='word_1_669' title='bbox 1252 4742 1322 4799; x_wconf 85' lang='lat' dir='ltr'><strong>Dens</strong></span> <span class='ocrx_word' id='word_1_670' title='bbox 1336 4743 1505 4813; x_wconf 85' lang='lat' dir='ltr'><strong>omnipotens</strong></span> <span class='ocrx_word' id='word_1_671' title='bbox 1517 4742 1561 4812; x_wconf 86' lang='lat' dir='ltr'><strong>qtti</strong></span> <span class='ocrx_word' id='word_1_672' title='bbox 1581 4755 1611 4799; x_wconf 84' lang='lat' dir='ltr'><strong>et</strong></span> <span class='ocrx_word' id='word_1_673' title='bbox 1623 4741 1687 4799; x_wconf 85' lang='lat' dir='ltr'><strong>rita.</strong></span> 
     </span>
    </p>
   </div>
   <div class='ocr_carea' id='block_1_3' title="bbox 128 4892 1756 5462">
    <p class='ocr_par' dir='ltr' id='par_1_3' title="bbox 128 4892 1756 5401">
     <span class='ocr_line' id='line_1_50' title="bbox 165 4892 1756 4970; baseline -0.001 -18"><span class='ocrx_word' id='word_1_674' title='bbox 165 4907 180 4936; x_wconf 76' lang='lat'>⁸</span> <span class='ocrx_word' id='word_1_675' title='bbox 205 4897 341 4968; x_wconf 82' lang='lat' dir='ltr'><strong>dgrriteque</strong></span> <span class='ocrx_word' id='word_1_676' title='bbox 377 4898 530 4967; x_wconf 75' lang='lat' dir='ltr'><strong>sartagines.</strong></span> <span class='ocrx_word' id='word_1_677' title='bbox 572 4897 627 4952; x_wconf 87' lang='lat' dir='ltr'><strong>iluc</strong></span> <span class='ocrx_word' id='word_1_678' title='bbox 657 4900 783 4954; x_wconf 83' lang='lat' dir='ltr'><strong>turinenti</strong></span> <span class='ocrx_word' id='word_1_679' title='bbox 817 4917 919 4970; x_wconf 82' lang='lat' dir='ltr'><strong>geritis,</strong></span> <span class='ocrx_word' id='word_1_680' title='bbox 972 4901 1066 4959; x_wconf 86' lang='lat' dir='ltr'><strong>Subdit</strong></span> <span class='ocrx_word' id='word_1_681' title='bbox 1100 4909 1193 4954; x_wconf 87' lang='lat' dir='ltr'><strong>auctor</strong></span> <span class='ocrx_word' id='word_1_682' title='bbox 1231 4897 1386 4951; x_wconf 76' lang='lat' dir='ltr'><strong>tassionis:</strong></span> <span class='ocrx_word' id='word_1_683' title='bbox 1412 4892 1559 4966; x_wconf 83' lang='lat' dir='ltr'><strong>intrepidus</strong></span> <span class='ocrx_word' id='word_1_684' title='bbox 1586 4895 1633 4950; x_wconf 85' lang='lat' dir='ltr'><strong>oo·</strong></span> <span class='ocrx_word' id='word_1_685' title='bbox 1658 4896 1756 4951; x_wconf 86' lang='lat' dir='ltr'><strong>atbiete</strong></span> 
     </span>
     <span class='ocr_line' id='line_1_51' title="bbox 130 4966 1756 5042; baseline -0.001 -21"><span class='ocrx_word' id='word_1_686' title='bbox 130 4968 203 5038; x_wconf 75' lang='lat' dir='ltr'><strong>otton</strong></span> <span class='ocrx_word' id='word_1_687' title='bbox 219 4971 247 5022; x_wconf 92' lang='lat' dir='ltr'><strong>in</strong></span> <span class='ocrx_word' id='word_1_688' title='bbox 262 4968 388 5023; x_wconf 70' lang='lat' dir='ltr'><strong>Passione</strong></span> <span class='ocrx_word' id='word_1_689' title='bbox 405 4970 489 5022; x_wconf 81' lang='lat' dir='ltr'><strong>saricti</strong></span> <span class='ocrx_word' id='word_1_690' title='bbox 505 4967 633 5022; x_wconf 74' lang='lat' dir='ltr'><strong>vincentii</strong></span> <span class='ocrx_word' id='word_1_691' title='bbox 650 4970 746 5025; x_wconf 88' lang='lat' dir='ltr'><strong>dieitur</strong></span> <span class='ocrx_word' id='word_1_692' title='bbox 769 4973 835 5042; x_wconf 81' lang='lat' dir='ltr'><strong>iqrrrs</strong></span> <span class='ocrx_word' id='word_1_693' title='bbox 849 4976 921 5041; x_wconf 82' lang='lat' dir='ltr'><strong>poti·</strong></span> <span class='ocrx_word' id='word_1_694' title='bbox 972 4973 1103 5025; x_wconf 69' lang='lat' dir='ltr'><strong>roomo</strong></span> <span class='ocrx_word' id='word_1_695' title='bbox 1117 4971 1178 5039; x_wconf 73' lang='lat' dir='ltr'><strong>geo-i</strong></span> <span class='ocrx_word' id='word_1_696' title='bbox 1194 4968 1336 5021; x_wconf 78' lang='lat' dir='ltr'><strong>machinam</strong></span> <span class='ocrx_word' id='word_1_697' title='bbox 1351 4966 1417 5021; x_wconf 87' lang='lat' dir='ltr'><strong>ultro</strong></span> <span class='ocrx_word' id='word_1_698' title='bbox 1436 4967 1591 5031; x_wconf 74' lang='lat' dir='ltr'><strong>conscendit,</strong></span> <span class='ocrx_word' id='word_1_699' title='bbox 1608 4976 1756 5036; x_wconf 78' lang='lat' dir='ltr'><strong>torquetur,</strong></span> 
     </span>
     <span class='ocr_line' id='line_1_52' title="bbox 129 5037 1755 5113; baseline -0.002 -19"><span class='ocrx_word' id='word_1_700' title='bbox 129 5038 221 5094; x_wconf 67' lang='lat' dir='ltr'><strong>watto</strong></span> <span class='ocrx_word' id='word_1_701' title='bbox 234 5048 262 5092; x_wconf 92' lang='lat' dir='ltr'><strong>et</strong></span> <span class='ocrx_word' id='word_1_702' title='bbox 276 5039 523 5107; x_wconf 77' lang='lat' dir='ltr'><strong>qaaestioieqitimo‚</strong></span> <span class='ocrx_word' id='word_1_703' title='bbox 540 5039 611 5092; x_wconf 92' lang='lat' dir='ltr'><strong>unde</strong></span> <span class='ocrx_word' id='word_1_704' title='bbox 637 5040 659 5094; x_wconf 86' lang='lat' dir='ltr'><strong>is</strong></span> <span class='ocrx_word' id='word_1_705' title='bbox 680 5043 724 5107; x_wconf 81' lang='lat' dir='ltr'><strong>qiu</strong></span> <span class='ocrx_word' id='word_1_706' title='bbox 746 5041 810 5095; x_wconf 89' lang='lat' dir='ltr'><strong>illud</strong></span> <span class='ocrx_word' id='word_1_707' title='bbox 828 5057 921 5110; x_wconf 77' lang='lat' dir='ltr'><strong>passus</strong></span> <span class='ocrx_word' id='word_1_708' title='bbox 971 5043 1136 5113; x_wconf 61' lang='lat' dir='ltr'><strong>depellatur.</strong></span> <span class='ocrx_word' id='word_1_709' title='bbox 1161 5039 1287 5101; x_wconf 76' lang='lat' dir='ltr'><strong>esuritur,</strong></span> <span class='ocrx_word' id='word_1_710' title='bbox 1307 5048 1330 5091; x_wconf 86' lang='lat' dir='ltr'><strong>et</strong></span> <span class='ocrx_word' id='word_1_711' title='bbox 1343 5038 1468 5090; x_wconf 81' lang='lat' dir='ltr'><strong>distentet</strong></span> <span class='ocrx_word' id='word_1_712' title='bbox 1489 5037 1605 5091; x_wconf 76' lang='lat' dir='ltr'><strong>retenirit</strong></span> <span class='ocrx_word' id='word_1_713' title='bbox 1617 5038 1708 5091; x_wconf 71' lang='lat' dir='ltr'><strong>orarit</strong></span> <span class='ocrx_word' id='word_1_714' title='bbox 1729 5039 1755 5090; x_wconf 90' lang='lat' dir='ltr'><strong>itt</strong></span> 
     </span>
     <span class='ocr_line' id='line_1_53' title="bbox 130 5104 1755 5180; baseline -0.002 -17"><span class='ocrx_word' id='word_1_715' title='bbox 130 5110 219 5164; x_wconf 83' lang='lat' dir='ltr'><strong>iuerat</strong></span> <span class='ocrx_word' id='word_1_716' title='bbox 239 5111 351 5178; x_wconf 78' lang='lat' dir='ltr'><strong>legitime</strong></span> <span class='ocrx_word' id='word_1_717' title='bbox 371 5118 458 5161; x_wconf 84' lang='lat' dir='ltr'><strong>coctus</strong></span> <span class='ocrx_word' id='word_1_718' title='bbox 475 5108 601 5162; x_wconf 80' lang='lat' dir='ltr'><strong>moitura</strong></span> <span class='ocrx_word' id='word_1_719' title='bbox 618 5107 755 5164; x_wconf 84' lang='lat' dir='ltr'><strong>Lactarttio</strong></span> <span class='ocrx_word' id='word_1_720' title='bbox 774 5113 783 5178; x_wconf 90' lang='grc'><strong>(</strong></span> <span class='ocrx_word' id='word_1_721' title='bbox 799 5111 920 5165; x_wconf 77' lang='lat' dir='ltr'><strong>beatiora.</strong></span> <span class='ocrx_word' id='word_1_722' title='bbox 973 5126 1089 5180; x_wconf 60' lang='lat' dir='ltr'><strong>pertatem</strong></span> <span class='ocrx_word' id='word_1_723' title='bbox 1113 5124 1173 5163; x_wconf 85' lang='lat' dir='ltr'><strong>rrarn</strong></span> <span class='ocrx_word' id='word_1_724' title='bbox 1188 5112 1211 5161; x_wconf 90' lang='lat' dir='ltr'><strong>ui</strong></span> <span class='ocrx_word' id='word_1_725' title='bbox 1236 5109 1304 5178; x_wconf 88' lang='lat' dir='ltr'><strong>ignis</strong></span> <span class='ocrx_word' id='word_1_726' title='bbox 1326 5106 1432 5162; x_wconf 81' lang='lat' dir='ltr'><strong>additur</strong></span> <span class='ocrx_word' id='word_1_727' title='bbox 1453 5117 1581 5160; x_wconf 85' lang='lat' dir='ltr'><strong>tormruru</strong></span> <span class='ocrx_word' id='word_1_728' title='bbox 1601 5104 1755 5171; x_wconf 64' lang='lat' dir='ltr'><strong>crudelium</strong></span> 
     </span>
     <span class='ocr_line' id='line_1_54' title="bbox 130 5174 1754 5248; baseline -0.001 -16"><span class='ocrx_word' id='word_1_729' title='bbox 130 5189 272 5248; x_wconf 80' lang='lat' dir='ltr'><strong>persecet..</strong></span> <span class='ocrx_word' id='word_1_730' title='bbox 289 5195 313 5232; x_wconf 84' lang='lat' dir='ltr'><strong>c.</strong></span> <span class='ocrx_word' id='word_1_731' title='bbox 330 5178 383 5245; x_wconf 74' lang='lat' dir='ltr'><strong>lo),</strong></span> <span class='ocrx_word' id='word_1_732' title='bbox 406 5193 420 5230; x_wconf 88' lang='lat' dir='ltr'><strong>a</strong></span> <span class='ocrx_word' id='word_1_733' title='bbox 438 5177 583 5233; x_wconf 83' lang='lat' dir='ltr'><strong>Prudentia</strong></span> <span class='ocrx_word' id='word_1_734' title='bbox 595 5178 782 5236; x_wconf 87' lang='lat' dir='ltr'><strong>detrotniuatur</strong></span> <span class='ocrx_word' id='word_1_735' title='bbox 803 5180 922 5237; x_wconf 80' lang='lat' dir='ltr'><strong>Potestne</strong></span> <span class='ocrx_word' id='word_1_736' title='bbox 972 5198 1021 5237; x_wconf 89' lang='lat' dir='ltr'><strong>nec</strong></span> <span class='ocrx_word' id='word_1_737' title='bbox 1036 5192 1136 5234; x_wconf 81' lang='lat' dir='ltr'><strong>tantum</strong></span> <span class='ocrx_word' id='word_1_738' title='bbox 1148 5189 1297 5233; x_wconf 80' lang='lat' dir='ltr'><strong>exuruntur</strong></span> <span class='ocrx_word' id='word_1_739' title='bbox 1309 5177 1427 5231; x_wconf 83' lang='lat' dir='ltr'><strong>oreorbra</strong></span> <span class='ocrx_word' id='word_1_740' title='bbox 1441 5179 1576 5244; x_wconf 70' lang='lat' dir='ltr'><strong>martyris,</strong></span> <span class='ocrx_word' id='word_1_741' title='bbox 1595 5176 1643 5231; x_wconf 87' lang='lat' dir='ltr'><strong>sed</strong></span> <span class='ocrx_word' id='word_1_742' title='bbox 1659 5174 1754 5232; x_wconf 84' lang='lat' dir='ltr'><strong>rodem</strong></span> 
     </span>
     <span class='ocr_line' id='line_1_55' title="bbox 128 5244 1756 5320; baseline 0.001 -21"><span class='ocrx_word' id='word_1_743' title='bbox 128 5251 222 5318; x_wconf 69' lang='lat' dir='ltr'><strong>gloria</strong></span> <span class='ocrx_word' id='word_1_744' title='bbox 236 5248 348 5320; x_wconf 82' lang='lat' dir='ltr'><strong>(thnm.</strong></span> <span class='ocrx_word' id='word_1_745' title='bbox 367 5246 429 5300; x_wconf 69' lang='lat' dir='ltr'><strong>ide</strong></span> <span class='ocrx_word' id='word_1_746' title='bbox 442 5248 510 5314; x_wconf 82' lang='lat' dir='ltr'><strong>aar.)</strong></span> <span class='ocrx_word' id='word_1_747' title='bbox 527 5265 533 5299; x_wconf 92' lang='lat'>:</span> <span class='ocrx_word' id='word_1_748' title='bbox 974 5262 1095 5317; x_wconf 79' lang='lat' dir='ltr'><strong>terrrpore</strong></span> <span class='ocrx_word' id='word_1_749' title='bbox 1117 5250 1269 5303; x_wconf 84' lang='lat' dir='ltr'><strong>lacerantur</strong></span> <span class='ocrx_word' id='word_1_750' title='bbox 1282 5255 1426 5314; x_wconf 74' lang='lat' dir='ltr'><strong>asportate</strong></span> <span class='ocrx_word' id='word_1_751' title='bbox 1442 5246 1519 5308; x_wconf 87' lang='lat' dir='ltr'><strong>l&#39;erri,</strong></span> <span class='ocrx_word' id='word_1_752' title='bbox 1534 5244 1712 5300; x_wconf 79' lang='lat' dir='ltr'><strong>extenduntur</strong></span> <span class='ocrx_word' id='word_1_753' title='bbox 1726 5259 1756 5301; x_wconf 91' lang='lat' dir='ltr'><strong>nt</strong></span> 
     </span>
     <span class='ocr_line' id='line_1_56' title="bbox 321 5313 1755 5401; baseline -0.011 -15"><span class='ocrx_word' id='word_1_754' title='bbox 321 5338 425 5387; x_wconf 83' lang='lat' dir='ltr'><strong>i&#39;entum</strong></span> <span class='ocrx_word' id='word_1_755' title='bbox 438 5338 467 5384; x_wconf 88' lang='lat' dir='ltr'><strong>ad</strong></span> <span class='ocrx_word' id='word_1_756' title='bbox 479 5337 606 5397; x_wconf 84' lang='lat' dir='ltr'><strong>palestram</strong></span> <span class='ocrx_word' id='word_1_757' title='bbox 618 5338 720 5401; x_wconf 70' lang='lat' dir='ltr'><strong>glorio:</strong></span> <span class='ocrx_word' id='word_1_758' title='bbox 976 5323 1001 5376; x_wconf 94' lang='lat' dir='ltr'><strong>iu</strong></span> <span class='ocrx_word' id='word_1_759' title='bbox 1014 5333 1125 5384; x_wconf 79' lang='lat' dir='ltr'><strong>catasta,</strong></span> <span class='ocrx_word' id='word_1_760' title='bbox 1140 5320 1272 5371; x_wconf 80' lang='lat' dir='ltr'><strong>striduntur</strong></span> <span class='ocrx_word' id='word_1_761' title='bbox 1286 5316 1404 5383; x_wconf 81' lang='lat' dir='ltr'><strong>bugella.</strong></span> <span class='ocrx_word' id='word_1_762' title='bbox 1418 5323 1445 5367; x_wconf 92' lang='lat' dir='ltr'><strong>et</strong></span> <span class='ocrx_word' id='word_1_763' title='bbox 1459 5328 1493 5367; x_wconf 91' lang='lat' dir='ltr'><strong>ne</strong></span> <span class='ocrx_word' id='word_1_764' title='bbox 1506 5313 1568 5382; x_wconf 84' lang='lat' dir='ltr'><strong>qnid</strong></span> <span class='ocrx_word' id='word_1_765' title='bbox 1579 5313 1649 5370; x_wconf 84' lang='lat' dir='ltr'><strong>desit</strong></span> <span class='ocrx_word' id='word_1_766' title='bbox 1661 5355 1669 5380; x_wconf 86' lang='grc'>,</span> <span class='ocrx_word' id='word_1_767' title='bbox 1683 5314 1755 5371; x_wconf 83' lang='lat' dir='ltr'><strong>Salis</strong></span> 
     </span>
    </p>

    <p class='ocr_par' dir='ltr' id='par_1_4' title="bbox 318 5384 1756 5462">
     <span class='ocr_line' id='line_1_57' title="bbox 318 5384 1756 5462; baseline -0.006 -14"><span class='ocrx_word' id='word_1_768' title='bbox 318 5398 381 5458; x_wconf 70' lang='lat' dir='ltr'><strong>Sires</strong></span> <span class='ocrx_word' id='word_1_769' title='bbox 393 5404 482 5459; x_wconf 82' lang='lat' dir='ltr'><strong>certat,</strong></span> <span class='ocrx_word' id='word_1_770' title='bbox 496 5404 521 5447; x_wconf 92' lang='lat' dir='ltr'><strong>et</strong></span> <span class='ocrx_word' id='word_1_771' title='bbox 531 5399 675 5461; x_wconf 61' lang='lat' dir='ltr'><strong>lironeliras,</strong></span> <span class='ocrx_word' id='word_1_772' title='bbox 974 5392 1076 5462; x_wconf 78' lang='lat' dir='ltr'><strong>ignibus</strong></span> <span class='ocrx_word' id='word_1_773' title='bbox 1088 5391 1171 5459; x_wconf 78' lang='lat' dir='ltr'><strong>sparti</strong></span> <span class='ocrx_word' id='word_1_774' title='bbox 1190 5388 1341 5455; x_wconf 84' lang='lat' dir='ltr'><strong>crepitantes</strong></span> <span class='ocrx_word' id='word_1_775' title='bbox 1355 5386 1468 5437; x_wconf 78' lang='lat' dir='ltr'><strong>minutias</strong></span> <span class='ocrx_word' id='word_1_776' title='bbox 1484 5399 1529 5451; x_wconf 83' lang='lat' dir='ltr'><strong>prr</strong></span> <span class='ocrx_word' id='word_1_777' title='bbox 1553 5384 1664 5439; x_wconf 79' lang='lat' dir='ltr'><strong>membra</strong></span> <span class='ocrx_word' id='word_1_778' title='bbox 1676 5385 1756 5440; x_wconf 81' lang='lat' dir='ltr'><strong>dissi·</strong></span> 
     </span>
    </p>
   </div>
   <div class='ocr_carea' id='block_1_4' title="bbox 318 5452 1755 5592">
    <p class='ocr_par' dir='ltr' id='par_1_5' title="bbox 318 5452 1755 5592">
     <span class='ocr_line' id='line_1_58' title="bbox 318 5452 1755 5527; baseline 0.003 -20"><span class='ocrx_word' id='word_1_779' title='bbox 318 5459 449 5509; x_wconf 77' lang='lat' dir='ltr'><strong>luctamen</strong></span> <span class='ocrx_word' id='word_1_780' title='bbox 464 5472 554 5521; x_wconf 73' lang='lat' dir='ltr'><strong>erucem</strong></span> <span class='ocrx_word' id='word_1_781' title='bbox 564 5469 703 5510; x_wconf 71' lang='lat' dir='ltr'><strong>conseruere.</strong></span> <span class='ocrx_word' id='word_1_782' title='bbox 974 5462 1057 5522; x_wconf 80' lang='lat' dir='ltr'><strong>lent,</strong></span> <span class='ocrx_word' id='word_1_783' title='bbox 1083 5468 1111 5513; x_wconf 91' lang='lat' dir='ltr'><strong>et</strong></span> <span class='ocrx_word' id='word_1_784' title='bbox 1121 5457 1246 5511; x_wconf 86' lang='lat' dir='ltr'><strong>decidens</strong></span> <span class='ocrx_word' id='word_1_785' title='bbox 1261 5456 1422 5524; x_wconf 87' lang='lat' dir='ltr'><strong>decerpere</strong></span> <span class='ocrx_word' id='word_1_786' title='bbox 1442 5452 1568 5526; x_wconf 81' lang='lat' dir='ltr'><strong>ntarqria</strong></span> <span class='ocrx_word' id='word_1_787' title='bbox 1581 5457 1673 5510; x_wconf 76' lang='lat' dir='ltr'><strong>arcina</strong></span> <span class='ocrx_word' id='word_1_788' title='bbox 1688 5455 1755 5527; x_wconf 82' lang='lat' dir='ltr'><strong>ignis</strong></span> 
     </span>
     <span class='ocr_line' id='line_1_59' title="bbox 318 5520 1243 5592; baseline 0.002 -22"><span class='ocrx_word' id='word_1_789' title='bbox 318 5520 381 5570; x_wconf 84' lang='lat' dir='ltr'><strong>tltoe</strong></span> <span class='ocrx_word' id='word_1_790' title='bbox 391 5528 491 5581; x_wconf 76' lang='lat' dir='ltr'><strong>nrsrtpr,</strong></span> <span class='ocrx_word' id='word_1_791' title='bbox 505 5520 570 5569; x_wconf 90' lang='lat' dir='ltr'><strong>illinc</strong></span> <span class='ocrx_word' id='word_1_792' title='bbox 581 5523 692 5572; x_wconf 79' lang='lat' dir='ltr'><strong>earotlex</strong></span> <span class='ocrx_word' id='word_1_793' title='bbox 974 5533 1106 5584; x_wconf 66' lang='lat' dir='ltr'><strong>fervorem</strong></span> <span class='ocrx_word' id='word_1_794' title='bbox 1119 5526 1243 5592; x_wconf 78' lang='lat' dir='ltr'><strong>adauget.</strong></span> 
     </span>
    </p>
   </div>
   <div class='ocr_carea' id='block_1_5' title="bbox 319 5581 1754 5704">
    <p class='ocr_par' dir='ltr' id='par_1_6' title="bbox 319 5581 1754 5704">
     <span class='ocr_line' id='line_1_60' title="bbox 319 5581 1754 5704; baseline -0.002 -31"><span class='ocrx_word' id='word_1_795' title='bbox 319 5581 678 5704; x_wconf 43' lang='lat' dir='ltr'><strong>ssssffliifgffgssiqfflifmq</strong></span> <span class='ocrx_word' id='word_1_796' title='bbox 1010 5618 1023 5656; x_wconf 58' lang='grc' dir='ltr'>ὗ</span> <span class='ocrx_word' id='word_1_797' title='bbox 1038 5617 1132 5672; x_wconf 82' lang='lat' dir='ltr'><strong>Cirristi</strong></span> <span class='ocrx_word' id='word_1_798' title='bbox 1145 5617 1260 5672; x_wconf 82' lang='lat' dir='ltr'><strong>salirent.</strong></span> <span class='ocrx_word' id='word_1_799' title='bbox 1283 5615 1461 5671; x_wconf 76' lang='lat' dir='ltr'><strong>bissenorum</strong></span> <span class='ocrx_word' id='word_1_800' title='bbox 1476 5616 1549 5671; x_wconf 90' lang='lat' dir='ltr'><strong>enim</strong></span> <span class='ocrx_word' id='word_1_801' title='bbox 1571 5625 1630 5671; x_wconf 78' lang='lat' dir='ltr'><strong>ersi</strong></span> <span class='ocrx_word' id='word_1_802' title='bbox 1643 5616 1754 5673; x_wconf 77' lang='lat' dir='ltr'><strong>colicon</strong></span> 
     </span>
    </p>
   </div>
   <div class='ocr_carea' id='block_1_6' title="bbox 319 5688 1136 5826">
    <p class='ocr_par' dir='ltr' id='par_1_7' title="bbox 319 5688 1136 5826">
     <span class='ocr_line' id='line_1_61' title="bbox 319 5688 1136 5754; baseline -0.005 -5"><span class='ocrx_word' id='word_1_803' title='bbox 319 5703 363 5752; x_wconf 71' lang='lat' dir='ltr'><strong>tlui</strong></span> <span class='ocrx_word' id='word_1_804' title='bbox 375 5700 450 5751; x_wconf 85' lang='lat' dir='ltr'><strong>molta</strong></span> <span class='ocrx_word' id='word_1_805' title='bbox 461 5705 591 5752; x_wconf 87' lang='lat' dir='ltr'><strong>carbonum</strong></span> <span class='ocrx_word' id='word_1_806' title='bbox 603 5713 685 5754; x_wconf 86' lang='lat' dir='ltr'><strong>strues</strong></span> <span class='ocrx_word' id='word_1_807' title='bbox 975 5688 1136 5745; x_wconf 80' lang='lat' dir='ltr'><strong>urrirristrare.</strong></span> 
     </span>
     <span class='ocr_line' id='line_1_62' title="bbox 320 5761 635 5826; baseline 0.016 -16"><span class='ocrx_word' id='word_1_808' title='bbox 320 5761 406 5813; x_wconf 85' lang='lat' dir='ltr'><strong>iliram</strong></span> <span class='ocrx_word' id='word_1_809' title='bbox 418 5772 517 5826; x_wconf 80' lang='lat' dir='ltr'><strong>teporat</strong></span> <span class='ocrx_word' id='word_1_810' title='bbox 527 5763 635 5815; x_wconf 89' lang='lat' dir='ltr'><strong>balitum.</strong></span> 
     </span>
    </p>
   </div>
   <div class='ocr_carea' id='block_1_7' title="bbox 315 5837 1564 5906">
    <p class='ocr_par' dir='ltr' id='par_1_8' title="bbox 315 5837 1564 5906">
     <span class='ocr_line' id='line_1_63' title="bbox 315 5837 1564 5906; baseline -0.008 0"><span class='ocrx_word' id='word_1_811' title='bbox 315 5844 624 5906; x_wconf 76' lang='lat' dir='ltr'><strong>ramontxxxv.</strong></span> <span class='ocrx_word' id='word_1_812' title='bbox 1525 5837 1564 5896; x_wconf 71' lang='lat'><strong>22</strong></span> 
     </span>
    </p>
   </div>
   <div class='ocr_carea' id='block_1_8' title="bbox 0 0 1894 6116">
    <p class='ocr_par' dir='ltr' id='par_1_9' title="bbox 0 0 1894 6116">
     <span class='ocr_line' id='line_1_64' title="bbox 0 0 1894 6116; baseline 0 0"><span class='ocrx_word' id='word_1_813' title='bbox 0 0 1894 6116; x_wconf 95' lang='lat' dir='ltr'><strong> </strong></span> 
     </span>
    </p>
   </div>
  </div>
 </body>
</html>
