3794 6106
157 422 234 479 Dicat
251 422 345 480 Preti.
360 422 503 482 Silentium
515 423 606 481 tacite.

122 535 263 605 Quercus
279 535 394 608 epium
407 537 487 659 ΡακὶΙί
502 540 625 682 {mg
633 542 668 595 acl
683 539 921 597 Thessalonicenses

216 615 219 621 '
426 616 453 680 (⁸
487 652 494 666 .
527 610 575 681 'upa
630 649 636 663 .

166 694 204 762 sl.
222 694 277 752 Deo
290 697 401 767 gratias.

77 842 80 851 ,
158 783 269 840 Fratres
284 803 292 842 τ
305 802 431 858 rosanus
450 806 500 847 ros
516 809 522 845 :
539 793 667 862 corripite
692 792 836 863 inquietos.
852 794 921 849 Corr-

122 875 247 931 tolsmini
261 878 447 947 plraillanimcs
462 884 613 952 :suscipite
636 882 765 940 infirmos.
786 885 921 941 Pallentes

123 974 213 1022 estote
227 967 259 1022 ad
282 985 386 1026 omues.
405 972 498 1029 llitlete
520 989 554 1029 ne
577 972 639 1044 quis
657 976 756 1029 malum
780 990 829 1045 pro
850 976 921 1030 analo

123 1057 205 1113 alicui
222 1061 328 1115 reddat
344 1062 399 1118 Sed
413 1079 520 1134 seraper
531 1067 602 1135 quud
617 1066 714 1120 bonum
727 1073 771 1121 est
782 1065 921 1121 sectamini

126 1149 245 1206 latricem
263 1167 271 1206 ε
286 1163 314 1208 et
331 1153 358 1208 in
371 1169 466 1211 omnes
481 1171 488 1210 ι
503 1171 611 1226 semper
623 1158 746 1225 gaudete.
761 1156 826 1211 Siue
838 1156 922 1212 inter·

123 1238 254 1296 missione
268 1251 354 1298 orate.
369 1243 400 1299 ln
424 1246 549 1299 calarinus
561 1249 662 1316 gratias
674 1250 756 1317 agite.
772 1248 826 1301 llec
847 1248 920 1301 eninr

124 1333 250 1391 aialasstas
274 1336 320 1392 [tel
340 1347 383 1392 est
407 1339 434 1395 in
448 1337 556 1395 Christo
579 1339 684 1394 lesuin
707 1341 831 1395 omuilsas
846 1340 922 1395 notris

124 1425 251 1494 witam
272 1426 357 1481 nolite
370 1427 550 1497 celinquere:
567 1427 736 1498 prophetiam
752 1429 834 1484 truite
848 1444 922 1498 sper·

124 1532 200 1574 aare.
217 1520 314 1573 tlnsnia
327 1529 418 1576 autem
433 1520 545 1590 probate
559 1537 567 1573 a
579 1532 607 1575 et
621 1520 692 1591 qnual
708 1523 806 1577 bortum
825 1531 867 1577 est
877 1536 921 1576 re·

125 1607 219 1663 tineae.
237 1612 278 1665 le
293 1611 366 1666 omni
388 1613 480 1680 specle
492 1612 561 1667 suala
583 1613 713 1668 abstinete
727 1628 785 1669 ros.
799 1612 858 1683 lpse
876 1628 923 1668 au·

125 1712 179 1757 tera
203 1701 275 1757 belm
298 1706 371 1772 pacis
393 1704 542 1760 sanctilloet
558 1719 605 1760 ros
622 1721 670 1774 per
687 1707 799 1760 omnia:
817 1706 866 1778 17
881 1705 923 1760 in·

499 309 646 372 sistite
666 305 802 371 lllmll'l
821 309 895 372 SEG.
916 310 998 370 REG.
1020 311 1052 369 B.
1071 309 1205 369 istotlttt.
1226 341 1262 353 -
1280 308 1371 369 eins
1384 311 1409 369 ·l.

1676 265 1760 361 ‚m

931 437 956 488 Α
1009 423 1043 479 lit
1058 421 1149 480 Pccslt.
1165 423 1233 479 dicct
1246 425 1325 480 aliam
1339 427 1490 480 arationem.

1007 515 1036 570 ln
1051 517 1173 586 prosimu
1183 516 1287 582 quidem
1303 525 1346 572 est
1357 518 1469 573 llomim
1482 518 1544 573 dies
1556 519 1688 576 adrentus
1700 521 1758 574 tui:

970 608 1017 663 ted
1031 624 1176 678 quesumus
1200 617 1229 664 ut
1240 620 1380 679 antequam
1404 612 1497 667 versiae
1511 629 1517 664 :
1531 599 1633 680 expiari
1657 629 1762 669 interea-

971 716 1031 757 mur
1044 703 1079 757 ab
1091 703 1163 756 oanni
1174 704 1333 771 contagione
1341 702 1443 757 delicti.
1460 701 1536 759 Prius
1549 703 1621 760 dilue
1635 719 1762 776 cingamus

972 791 999 844 in
1020 791 1098 846 uirbis
1112 805 1192 846 omine
1206 791 1277 861 quod
1293 793 1319 846 in
1334 793 1380 846 ills
1395 793 1480 845 latura
1491 790 1691 848 examinatione
1710 807 1761 861 po·

971 883 1074 940 ulturus
1087 898 1117 938 es
1132 901 1139 934 ι
1152 891 1181 938 ut
1193 899 1254 938 curn
1276 883 1361 952 justus
1381 880 1523 937 adveneris
1540 880 1620 951 judex
1635 900 1642 936 ε
1658 898 1710 938 non
1734 881 1762 937 lu

971 973 1050 1029 nohis
1064 975 1185 1030 invenias
1196 974 1268 1043 quud
1282 973 1457 1030 condemnes.
1480 972 1518 1040 ἡ.
1533 973 1629 1027 lmen.

978 1102 981 1109 .
1008 1063 1083 1118 Dicat
1099 1063 1188 1118 Pessi.
1205 1063 1256 1121 Per
1269 1063 1481 1119 misericordiam
1497 1072 1568 1119 taam
1583 1063 1656 1119 Dens
1670 1072 1762 1118 noster

972 1151 999 1207 iu
1013 1156 1090 1223 cujus
1111 1161 1267 1223 conspeetu.
1291 1152 1348 1209 isto
1362 1164 1385 1208 et
1397 1155 1451 1208 clio
1464 1170 1512 1222 que
1533 1164 1762 1224 spumosumque

972 1244 1160 1323 aduenticium
1174 1261 1224 1315 quc
1238 1245 1334 1299 dicitur
1347 1254 1404 1316 post
1417 1245 1533 1299 acrisios.

1008 1332 1086 1388 Dicat
1099 1333 1193 1390 Ptcsl.

1008 1423 1073 1482 Post
1087 1428 1201 1482 nominc.
1218 1425 1256 1482 'le
1267 1440 1411 1495 quesumus
1426 1423 1490 1483 lesu
1501 1425 1615 1482 morino
1629 1425 1701 1482 llesn
1719 1441 1764 1482 no·

973 1525 1086 1573 sterant
1097 1532 1147 1572 rios
1156 1517 1200 1588 qui
1208 1517 1321 1573 fideliter
1332 1516 1509 1584 prestolemur
1519 1519 1662 1572 adseritum
1674 1528 1764 1572 tunsus

973 1623 1026 1664 nou
1036 1607 1204 1663 incurramus
1210 1608 1369 1677 supplicium
1384 1607 1587 1677 sempiternum,
1598 1623 1651 1677 quo
1663 1608 1765 1664 adten-

974 1709 1002 1754 tu
1024 1707 1070 1755 tuo
1091 1710 1119 1755 et
1142 1699 1315 1754 oderentilrus
1339 1700 1437 1755 venias
1453 1710 1481 1755 et
1500 1699 1765 1772 dcluaotis'requies

126 1801 200 1862 teser
214 1793 326 1862 spiritus
340 1802 432 1850 vestm
446 1810 454 1848 :
470 1795 593 1850 animast
604 1810 701 1866 corpus
712 1797 921 1866 sinequerelain
937 1781 1141 1845 anrlouetnr
1154 1799 1257 1846 cerna.
1279 1790 1316 1860 ri.
1332 1791 1428 1846 Amen.
1453 1789 1528 1846 llicas
1543 1789 1635 1847 Presl.
1649 1793 1716 1860 eria
1736 1804 1765 1850 tu

123 1883 241 1939 adventu
269 1885 375 1941 Domtru
396 1887 483 1942 nostri
506 1886 570 1942 lesa
593 1888 695 1944 Christi
716 1896 850 1943 mitetur.
882 1887 919 1957 ai.

128 1971 225 2029 mileu.

160 2065 239 2120 ones
249 2065 340 2123 Presi.
353 2067 480 2128 liomirsus
494 2069 530 2127 sit
542 2084 650 2141 semper
662 2069 812 2128 nobiseum.
835 2072 875 2135 a.
889 2071 923 2128 Et

127 2160 310 2225 cmaspiritu.

129 2268 216 2325 lectio
239 2270 330 2325 Sancti
351 2270 653 2415 ⁶⁰⁰”⁹⁶fip⁵pp⁸fi¹')''⁶“m
676 2273 774 2330 locant
792 2275 803 2346 (
820 2272 834 2315 ⁸
854 2272 927 2344 Cap.-

166 2430 213 2486 tlto
236 2430 264 2485 in
290 2440 419 2501 tempore.
447 2432 575 2490 Dominus
595 2442 687 2491 noster
707 2432 786 2491 lesus
799 2433 924 2491 Christro

130 2524 310 2596 interrogatus
332 2542 348 2580 a
374 2527 507 2584 etruscis
528 2546 535 2585 ε
556 2509 663 2600 quando
696 2533 769 2587 venit
800 2524 923 2602 lleqnum

130 2613 197 2671 lleil
216 2627 228 2656 t
245 2617 393 2684 Respondit
407 2620 444 2672 eis
459 2628 487 2674 et
507 2620 585 2676 dixit.
600 2620 613 2661 ἃ
626 2621 683 2677 Non
697 2622 787 2678 veniet
801 2622 924 2694 Regnum

133 2708 180 2762 liei
207 2723 268 2763 cum
286 2709 493 2765 obser-satione:
509 2727 559 2767 uec
584 2712 695 2768 dicent:
712 2728 776 2769 ecce
796 2710 860 2770 laic:
877 2722 924 2769 sat

135 2813 200 2855 erce
218 2799 282 2856 illie.
304 2801 374 2855 Ecce
387 2802 458 2856 enim
475 2803 594 2874 ltrqnum
610 2803 656 2859 llei
676 2803 743 2858 intra
757 2818 804 2860 sos
817 2813 869 2859 est.
892 2804 926 2859 Et

135 2895 175 2948 ait
188 2896 221 2948 sil
235 2893 381 2965 discipulos
395 2912 468 2952 suos.
484 2896 596 2954 lenient
609 2897 665 2953 dies
679 2912 688 2953 s
702 2898 807 2968 qnando
821 2898 926 2954 deside·

139 2988 303 3043 reclaudere
315 2990 478 3046 unumdiem
491 2992 535 3046 lllii
548 2991 680 3047 bortrinis:
691 3000 719 3047 et
729 3006 780 3046 non
792 2992 924 3048 uidebitis.

133 3075 165 3131 tn
186 3078 277 3133 dicunt
298 3081 382 3136 souis.
406 3080 474 3136 lloee
490 3083 533 3137 ltie
552 3091 579 3139 et
593 3097 657 3138 eece
675 3083 739 3138 illio.
763 3082 849 3138 Nolite
863 3085 922 3139 ire:

973 1895 1015 1938 es.
1030 1881 1064 1938 lls
1078 1882 1174 1936 diction
1187 1891 1235 1937 est.

1010 1969 1088 2027 Dicat
1106 1970 1196 2027 Pseslt.

1008 2066 1050 2120 Ad
1064 2082 1161 2137 pacem.
1174 2066 1226 2122 Par
1237 2074 1280 2121 tua
1292 2065 1456 2134 neeempsor
1468 2081 1500 2123 ac
1511 2068 1581 2124 oeus
1592 2080 1700 2125 noster:
1713 2082 1765 2138 quc

975 2166 1002 2212 te
1014 2167 1142 2213 nascente
1155 2157 1221 2213 olian
1235 2158 1399 2227 proclamata
1412 2167 1456 2213 est
1466 2160 1500 2215 at)
1513 2159 1623 2232 dispelle
1639 2176 1647 2214 :
1663 2159 1767 2216 habitus

974 2249 1002 2305 iu
1024 2249 1160 2306 mentibus
1181 2250 1299 2309 arostrlt:
1315 2265 1371 2319 quo
1391 2249 1451 2320 ejus
1466 2249 1526 2305 lulti
1551 2250 1696 2319 presidiis:
1711 2266 1766 2306 ine·

974 2355 1083 2398 manus
1103 2356 1164 2397 cum
1179 2343 1283 2397 teneris
1306 2352 1351 2397 tue
1364 2343 1486 2397 contueri
1505 2343 1669 2412 presentiam
1682 2344 1766 2400 aisio-

974 2433 1027 2487 nis.
1050 2432 1196 2500 momen.
1209 2428 1301 2487 Presl.
1315 2433 1392 2487 dicat.
1406 2432 1472 2500 eria
1489 2442 1516 2488 ta
1530 2447 1561 2489 es
1574 2448 1638 2490 scra
1653 2448 1714 2505 paa.
1733 2434 1767 2488 iis

975 2523 1062 2578 emnia
1077 2523 1130 2578 alis
1144 2538 1223 2593 usqae
1234 2523 1337 2579 inlatio.

1011 2616 1120 2672 lustin.
1147 2618 1260 2690 Dignum
1274 2626 1301 2673 ct
1322 2616 1424 2687 iustum
1444 2629 1497 2676 est.
1523 2618 1577 2677 llos
1599 2622 1645 2678 titi
1669 2623 1767 2694 psallas

975 2721 1074 2779 nere:
1084 2707 1299 2765 neminemnam
1311 2718 1386 2780 paler
1396 2722 1488 2766 eterne
1498 2711 1667 2782 omnipotens
1677 2714 1748 2771 [leste
1760 2734 1765 2745 ·

976 2815 1024 2870 por
1038 2799 1130 2857 lesum
1144 2800 1279 2856 Cltristum
1291 2801 1373 2857 illitum
1389 2813 1462 2857 taum
1480 2803 1620 2858 [lominum
1631 2812 1763 2859 notrum.

975 2889 1058 2961 iltius
1082 2891 1230 2947 incarnatio
1251 2891 1325 2947 salus
1351 2891 1419 2947 iacta
1439 2902 1481 2946 est
1502 2891 1613 2948 mundi:
1629 2902 1658 2949 et
1677 2893 1766 2964 passio

976 2982 1065 3037 estitit
1078 2980 1227 3053 redemptio
1247 2982 1364 3039 nominis
1380 2984 1524 3052 procreati.
1539 2984 1598 3053 lpse
1620 2984 1702 3058 igitar
1716 3001 1766 3041 uiis

976 3075 1145 3144 omnipotens
1163 3084 1239 3142 pater
1250 3083 1396 3143 quesumus
1411 3076 1540 3142 perducat
1559 3076 1592 3130 ad
1608 3077 1738 3146 presulum
1755 3095 1762 3131 :

133 3183 217 3238 aeque
231 3171 384 3226 sectemini.
398 3172 463 3227 Nam
476 3173 544 3227 sicut
557 3172 646 3243 lulqur
658 3186 815 3229 corruscans
826 3175 862 3230 de
874 3175 925 3230 suls
975 3164 1021 3235 qui
1044 3165 1157 3221 ledemll
1181 3166 1215 3220 ⁶⁰
1236 3165 1354 3220 ῑθῦθῦῐῑὸ
1374 3165 1550 3221 5¹¹¹⁰f¹¹⁰l¹¹¹¹h
1575 3168 1634 3236 ¹⁰⁸0
1656 3185 1764 3226 stlitem

133 3261 188 3314 celo
204 3277 212 3314 ε
229 3260 257 3315 in
270 3276 303 3316 ea
327 3277 379 3331 que
394 3263 444 3318 sub
459 3264 518 3319 celo
541 3272 604 3319 srtnt
617 3264 717 3335 lnlqet:
733 3262 769 3318 ita
790 3266 841 3320 erit
855 3264 925 3321 lilius

135 3349 251 3406 bominis
266 3350 292 3404 in
307 3351 350 3406 alie
362 3366 420 3407 sna.
443 3355 588 3417 ri.rtmen.

166 3437 245 3495 lticst
265 3438 359 3497 Prosit.
383 3441 513 3499 {lominus
534 3446 570 3501 sit
591 3461 698 3516 semper
717 3447 863 3503 nobiscum.
886 3449 923 3515 ri.

135 3526 166 3584 Et
176 3545 250 3587 turn.

164 3623 256 3680 Cautes
268 3626 361 3682 cieras
373 3637 384 3664 ·
396 3628 497 3684 laada.
508 3629 613 3699 alleluja
623 3629 746 3702 Alleluia.
766 3632 925 3700 moesone

976 3267 1123 3312 nostrama
1142 3256 1253 3314 delectis
1267 3258 1399 3314 eulaeulet
1415 3275 1422 3312 a
1437 3259 1484 3330 qui
1507 3276 1566 3316 eam
1591 3263 1710 3334 sturepit
1732 3279 1765 3320 ea

975 3345 1097 3418 Virgine.
1121 3348 1180 3418 lpse
1193 3363 1244 3403 uos
1262 3348 1332 3404 lesos
1345 3356 1390 3404 tue
1411 3349 1535 3406 resdtuat
1548 3351 1681 3421 maiestati
1697 3370 1705 3410 :
1720 3358 1767 3423 qni

978 3454 1027 3496 nos
1054 3440 1101 3496 tibi
1124 3455 1171 3511 per
1186 3442 1343 3512 sanquinem
1365 3456 1443 3497 suum
1467 3443 1662 3505 reconcitlarit.
1678 3454 1691 3494 a
1706 3446 1765 3515 lpse

976 3546 1025 3587 nus
1035 3532 1145 3614 secundi
1157 3532 1287 3589 adrerum
1300 3533 1499 3591 examinatione
1510 3535 1639 3605 instituet
1653 3552 1661 3602 ;
1676 3539 1721 3608 qai
1736 3540 1763 3594 in

977 3621 1065 3690 primo
1077 3624 1189 3679 contulit
1200 3623 1298 3679 donum
1310 3626 1395 3695 gratie
1407 3639 1465 3681 sue.
1479 3625 1537 3697 lpse
1549 3625 1583 3682 sd
1591 3626 1764 3697 judicandum

134 3711 245 3772 domine
266 3717 301 3771 de
315 3719 393 3774 celo:
409 3730 437 3774 et
452 3720 552 3776 videet
566 3721 641 3775 visita
656 3723 762 3777 vineam
778 3724 867 3778 istam.
888 3722 922 3778 P.
975 3712 1065 3768 '⁰⁰¹²‘
1078 3713 1150 3768 milli
1164 3729 1171 3780 l
1185 3714 1231 3782 qul
1246 3712 1310 3769 ⁰¹5¹ss
1326 3715 1447 3784 'limi‘
1468 3715 1586 3772 ¹¹¹⁸¹¹¹ffi⁸=
1609 3715 1670 3788 ¹⁹⁸⁰
1684 3719 1765 3789 inju-

136 3809 259 3878 tlleluja.

976 3802 1074 3861 dicium
1092 3805 1249 3861 ostendatur
1269 3805 1347 3861 nobis
1361 3807 1528 3874 mitissimas,
1551 3811 1596 3878 qui
1609 3810 1709 3866 dudum
1722 3827 1767 3866 re·

168 3897 249 3953 prm
264 3897 356 3956 Μ,
373 3901 503 3972 qupmq
525 3919 568 3960 Μ
590 3904 687 3961 [mres
711 3906 738 3960 q„
760 3905 926 3963 mesonma.
976 3894 1017 3952 nit
1030 3895 1151 3953 oooaltm
1166 3913 1174 3963 ;
1188 3899 1232 3951 cui
1245 3891 1342 3985 merito
1354 3913 1448 3954 onmes
1462 3900 1569 3972 Augei,
1583 3910 1612 3958 et
1624 3903 1765 3974 Aruanqci

135 3992 238 4046 lettrit.
250 3992 299 4063 (el.
314 3991 343 4047 3.

976 4003 1030 4045 non
1051 4001 1159 4046 mamni
1181 3991 1299 4048 clamare
1321 3993 1441 4062 quotidie
1465 3996 1501 4050 ita
1527 3996 1659 4065 dieentess
1691 3999 1767 4053 Dicas

163 4081 257 4138 cauus
272 4083 366 4142 moras
380 4085 390 4126 ¹
404 4050 722 4158 Sacrificlamrltparebit
734 4089 779 4144 tilii
795 4090 925 4148 liumintts
977 4080 1086 4136 clm·
1110 4082 1234 4137 Sillim·

136 4177 177 4244 qni
188 4177 216 4231 in
228 4177 361 4235 maritale
375 4188 502 4248 perpetua
516 4179 611 4236 dilexit
630 4191 656 4236 te
668 4182 743 4250 rirqo
764 4181 844 4236 lsrael
860 4182 926 4239 alle·

135 4268 195 4339 luia.
219 4272 257 4341 p.
277 4271 404 4329 Dominus
419 4275 489 4328 lleus
503 4287 564 4329 ttius
586 4274 696 4329 adduxit
719 4285 745 4328 te
766 4274 800 4329 ad
821 4276 927 4331 miseri-

137 4363 250 4419 cordiam
271 4373 300 4418 et
311 4365 532 4422 miserationem:
549 4365 636 4422 udone
650 4365 820 4422 edificaberis
836 4377 863 4423 et
875 4368 928 4429 cdi.

137 4452 235 4509 lesbia.
252 4450 287 4507 P.
302 4451 384 4522 Virgo
398 4450 479 4508 lsrael
491 4455 609 4525 alleluja.

1012 4171 1089 4227 llicst
1103 4171 1193 4230 Prssl.

1015 4265 1077 4322 Post
1091 4266 1213 4322 Sanctm.
1230 4267 1300 4323 Vere
1311 4268 1426 4324 Sanctus
1438 4277 1466 4325 et
1484 4263 1617 4341 gloriosus
1639 4270 1767 4329 {lominus

978 4366 1069 4412 aostm
1088 4357 1167 4415 lesus
1179 4358 1301 4415 Christus
1316 4359 1387 4415 itlius
1404 4370 1476 4415 tuus.
1491 4360 1541 4429 Qui
1565 4376 1615 4418 noa
1628 4370 1656 4419 et
1670 4363 1766 4433 prions

979 4449 1111 4507 adventus
1125 4451 1165 4505 sui
1188 4450 1273 4522 qratia
1300 4451 1452 4520 repararis:
1468 4462 1495 4509 ct
1518 4454 1545 4507 iu
1559 4452 1676 4510 muodo
1689 4453 1768 4510 datu·

168 4545 261 4601 urm.
287 4545 443 4602 notamen
465 4561 550 4614 quesn
574 4549 740 4606 urteetnnne
762 4550 860 4607 tono
875 4570 882 4606 ι
897 4561 924 4609 es
978 4555 1037 4596 mu
1051 4530 1768 4615 ssnounrqmmemuueitssqsusrepromun.

140 4632 276 4689 lctslrunrta
289 4649 394 4688 sursum
409 4635 524 4691 attollite
534 4638 614 4693 eorda
626 4654 634 4704 ;
648 4639 710 4706 quia
722 4637 778 4707 jans
794 4641 821 4694 in
836 4643 925 4710 proxi·
978 4629 1036 4699 59¹0
1051 4628 1180 4684 ⁰⁰ffll¹¹¹¹⁸
1194 4643 1225 4685 ³⁰
1240 4629 1404 4701 stldefflllm'
1417 4641 1537 4690 θῑθῐΰῠῦ·

139 4730 231 4778 uuest
246 4725 398 4794 redemptio
412 4737 501 4781 vestra
515 4744 522 4780 ε
538 4739 631 4799 parate
644 4729 682 4784 illi
698 4729 768 4785 uiam
789 4729 816 4786 iu
837 4733 925 4788 eordi-

140 4811 182 4868 tos
193 4817 310 4870 amens:
325 4825 352 4870 ut
370 4830 404 4872 eo
417 4817 560 4874 veniente:
577 4821 784 4877 remuneremini
807 4821 926 4878 donariis

140 4906 317 4972 sempiternis.
339 4906 377 4969 ἡ.
394 4907 491 4964 Amen.

177 4993 255 5046 meat
275 4990 369 5047 Pessi.
384 4993 435 5049 Per
451 4996 680 5055 misericordiam.
693 5009 721 5054 st
736 5015 818 5069 supro
831 4999 879 5072 pt.
897 5001 925 5057 5.

1015 4722 1090 4778 Dicat
1104 4720 1194 4778 Pessi.
1211 4723 1310 4778 Adesto
1323 4723 1427 4780 adesto.
1442 4735 1470 4779 at
1483 4741 1572 4793 aspro.
1579 4723 1675 4781 Postea
1688 4724 1769 4781 dest.

1015 4811 1080 4868 Post
1090 4815 1183 4885 pridie.
1199 4813 1267 4870 Veni
1292 4815 1407 4872 Domine
1420 4818 1510 4875 relaxa
1532 4817 1651 4876 laoiuora
1665 4829 1769 4887 nostra,

979 4913 1008 4959 et
1021 4906 1072 4960 beo
1086 4904 1176 4959 oblato
1190 4905 1238 4975 tibi
1255 4921 1302 4974 pro
1326 4907 1392 4976 ipsis
1406 4906 1569 4965 taeinooom
1587 4910 1768 4967 neiimleenila

980 5008 1090 5052 assume
1104 4996 1243 5056 libamina.
1259 4997 1294 5054 llt
1307 4999 1402 5056 borum
1416 5003 1587 5071 perceptione
1600 5004 1739 5069 expiemur
1753 5024 1767 5057 :r

141 5076 457 5137 occurrentemque.
472 5080 507 5136 Et
522 5072 617 5139 aneia·
631 5082 660 5151 d.
680 5084 778 5155 Appos,
792 5093 816 5139 ct
833 5083 925 5141 orest.
975 5084 1093 5143 erimine
1108 5104 1116 5142 :
1132 5096 1159 5145 et
1178 5087 1218 5142 tui
1247 5087 1383 5145 adventus
1403 5089 1517 5160 plorimi
1536 5089 1590 5159 18
1609 5105 1766 5146 mereamur

144 5171 208 5225 licat
220 5172 373 5228 Ecclesiam
390 5181 513 5229 sanctam
528 5176 706 5233 rstlrolleam.
730 5175 764 5230 Et
787 5176 882 5231 citerus
895 5176 924 5245 ri.
974 5175 1095 5233 interriti
1107 5181 1270 5249 prestolare.
1285 5181 1313 5250 ri.
1328 5182 1426 5237 Amen.

144 5259 232 5320 tresta
247 5272 344 5321 eterne
355 5266 531 5338 omnipotens
540 5266 614 5324 Deus

125 5406 134 5430 ‘
174 5440 271 5511 wip.
288 5441 317 5495 n.
331 5443 409 5499 ven.
427 5446 520 5502 laos.

175 5510 271 5581 ῑΰαρ.
288 5512 373 5569 xiil.
390 5515 469 5571 Vera.
483 5515 581 5571 teet

181 5591 192 5618 ²
207 5580 350 5652 Respondit
362 5585 410 5648 sis,
421 5594 445 5639 st
457 5587 536 5641 disis.
550 5588 589 5643 lta
601 5586 630 5642 in
642 5585 747 5654 Gcaeo03
759 5596 787 5644 el
798 5586 925 5659 Vulgata,

145 5653 299 5714 respondens
308 5655 345 5708 eis
360 5653 437 5709 dixit.

175 5717 189 5759 ἃ
208 5719 272 5776 lton
289 5725 385 5777 reniet.
400 5722 440 5779 lta
458 5723 590 5780 Graeci
608 5725 713 5798 Syriae.
732 5726 860 5799 Vulgata,
876 5744 928 5783 ooo
979 5727 1013 5784 ln
1025 5728 1131 5784 secundi
1145 5729 1270 5784 adrentus
1288 5731 1486 5788 examinatione
1500 5732 1634 5800 iustificct.

297 5815 436 5878 Parrus.
462 5815 621 5881 lxxxv.

1010 5267 1090 5324 ilicet
1107 5270 1200 5325 Presl.
1212 5269 1251 5328 Te
1261 5281 1414 5342 prestante.
1423 5279 1448 5326 ct
1457 5266 1591 5327 Dominus
1605 5270 1642 5328 ait
1657 5287 1766 5352 sempor

979 5449 1061 5503 scuit.

1016 5517 1150 5573 ‘laudm
1167 5517 1239 5574 Psal.
1257 5534 1350 5578 sarta.
1369 5519 1413 5575 lli.

1018 5587 1029 5627 ί
1050 5588 1230 5656 Sacrificium.
1243 5588 1372 5644 leremiae
1389 5605 1464 5656 xant,
1479 5589 1506 5654 5.
1520 5589 1547 5646 i.

1018 5659 1031 5697 ⁸
1049 5657 1108 5726 lpse
1124 5674 1170 5711 uos
1183 5659 1291 5712 secundi
1316 5659 1442 5715 aduentus
1464 5663 1676 5719 examinatione·
1696 5660 1769 5731 Lege

1534 5825 1556 5886 t
