3794 6106
131 245 186 303 203
503 240 644 299 tttssme
665 241 801 301 ulttuu
822 241 897 300 SEC.
920 243 1000 301 REG.
1023 243 1053 301 B.
1075 244 1212 303 lslutlltl.
1227 274 1262 289 -
1282 241 1410 301 usust.
1714 239 1767 294 ‘tot

131 362 186 414 lntn
209 375 215 410 :
238 357 316 412 sicuti
347 354 461 410 latemur
485 353 570 407 itrissc
596 353 745 409 loliatutem
774 355 923 423 apostolum
1012 352 1075 407 Post
1091 355 1213 410 Sanetus.
1228 354 1297 409 Vere
1313 362 1422 410 sanetus
1443 366 1530 408 :tere
1546 352 1604 421 pius
1623 369 1630 405 ι
1647 366 1712 407 vere
1726 352 1767 404 itt·

124 461 228 506 luunt:
249 448 294 516 oui
316 447 350 503 de
373 445 490 514 pectoris
510 445 547 500 tui
568 445 686 499 oreliano
703 445 807 501 vividos
820 445 925 502 attenta
939 416 961 476 Α
975 443 1162 500 estirnabiliter
1174 445 1309 514 gloriosus
1329 443 1460 498 Dominus
1481 450 1573 497 noster
1586 440 1664 496 lesus
1684 440 1768 496 Clui-

124 538 283 595 -dileotiouis
306 535 409 591 rivulus
431 534 558 590 hauriens
573 536 694 605 predicat
706 550 799 591 omnes
812 537 838 590 in
851 551 925 592 cotn-
975 546 1032 589 stus
1048 536 1119 590 lilius
1135 546 1206 591 titus.
1223 533 1236 574 ι
1252 537 1302 602 Qun
1327 534 1520 604 profluentibus
1545 549 1579 590 ex
1598 543 1693 590 uentre
1715 550 1767 589 suo

125 641 231 683 mnne:
255 641 308 681 non
332 625 420 680 tolum
446 639 570 681 sermone
592 625 724 696 diligere:
736 630 784 682 sed
802 640 883 697 opere
897 635 925 681 et
975 627 1132 684 dttnttnlbns
1148 628 1349 683 recumbent-m
1360 631 1385 681 in
1396 628 1456 682 sinn
1468 642 1517 682 suo
1528 625 1655 682 dilectum
1666 626 1767 681 Jolran·

132 722 259 778 veritate.
278 718 362 786 Cujus
386 715 503 773 veridica
518 719 638 787 precepti
656 720 795 774 sanctione
807 735 924 774 eortrrnn-
976 736 1038 774 netu
1054 723 1094 774 sic
1118 720 1237 790 irrigavit
1252 738 1259 776 :
1277 721 1317 776 sie
1332 722 1442 776 docuit:
1457 722 1497 777 sie
1508 721 1653 788 replevit:
1672 732 1703 775 ert
1719 736 1767 775 ror
1796 736 1800 751 ·

131 811 179 866 niti
195 828 202 865 :
220 820 246 865 te
260 820 272 847 ι
288 809 447 880 simpliciter
469 823 615 878 quaesumus
640 808 676 862 lili
702 809 768 865 Dei:
785 818 814 865 nt
827 822 859 864 ea
874 824 924 864 nos
974 813 1059 882 ipalus
1073 811 1134 865 illuc
1145 812 1178 866 ad
1192 813 1374 867 enarrandum
1387 812 1590 882 incorruptibile
1604 813 1765 882 principium

130 902 213 957 iacias
235 901 346 970 implere
368 913 420 970 quc
442 900 584 968 predicat:
609 915 641 956 ea
662 902 696 958 de
720 906 923 973 tesentiroqnc
975 901 1120 954 ascendere
1141 911 1256 968 posset:
1273 917 1325 971 otto
1348 902 1416 957 aliua
1439 917 1491 956 non
1517 904 1599 957 valuit
1615 913 1765 972 penetrare.

132 997 190 1065 ipse
203 995 304 1050 sentit:
320 1008 352 1048 ea
367 993 483 1048 veritate
504 1002 531 1047 et
548 1003 574 1047 te
596 992 709 1062 diligere
721 1012 728 1048 :
741 1005 798 1050 eta
814 1007 840 1051 tc
850 997 923 1066 diligi
975 990 1023 1045 llic
1031 1006 1092 1044 vera
1101 990 1135 1046 de
1144 991 1226 1046 verbo
1235 992 1357 1048 seruiens
1372 992 1570 1061 predicamenta
1584 993 1766 1062 conscripsit:

127 1100 303 1166 coeremitae:
320 1099 371 1153 qna
395 1083 453 1154 ipse
469 1084 510 1137 vel
527 1094 554 1138 rc
570 1083 681 1138 dilexit:
696 1086 737 1140 rol
752 1100 766 1139 a
783 1096 809 1141 tn
820 1097 924 1141 constat
974 1082 1016 1134 rui
1040 1079 1110 1135 idern
1138 1082 1292 1152 unigenitus
1320 1084 1390 1139 lilius
1405 1092 1465 1138 tirus
1487 1102 1495 1136 :
1517 1093 1545 1138 et
1569 1092 1682 1138 matrem
1708 1099 1765 1140 rno-

130 1192 190 1232 esse
204 1176 328 1232 dilectus.
348 1175 384 1232 iit
405 1175 432 1229 in
453 1190 519 1244 paco
533 1176 671 1231 virentes:
686 1186 713 1233 et
726 1178 798 1245 pacis
811 1178 923 1247 gloriam
976 1176 1049 1226 riens
1066 1183 1078 1210 t
1096 1175 1304 1230 eontinendavit.
1322 1175 1454 1228 Etrursns
1465 1189 1526 1227 euru
1540 1185 1661 1229 materno
1673 1173 1766 1229 ltortori

132 1269 344 1338 arripiententes:
358 1268 391 1322 ad
407 1277 432 1322 te
443 1268 630 1335 perveniamus
645 1267 774 1322 lruetibus
791 1268 862 1338 pleni
876 1282 923 1338 ps·
976 1265 1143 1320 eortsinrilent
1162 1266 1280 1321 reddidit
1297 1283 1303 1320 :
1323 1281 1383 1320 ettttt
1402 1283 1454 1319 tutin
1473 1266 1622 1334 endennpre
1637 1282 1766 1323 rnrrrvcre:

129 1360 186 1416 tis:
201 1369 228 1414 et
241 1359 316 1426 eopia
333 1358 534 1415 benedictionis.
975 1369 1001 1411 et
1025 1367 1136 1412 tnatretn
1164 1357 1298 1427 gloriiicat
1319 1374 1327 1411 t
1345 1367 1372 1412 et
1395 1357 1556 1428 discipulum
1578 1357 1648 1412 inter
1672 1358 1768 1412 iratres

173 1449 210 1518 ιι.
225 1451 322 1505 limen.
975 1448 1076 1503 exaltat
1091 1466 1097 1500 ε
1114 1462 1174 1504 eutu
1203 1458 1317 1505 matrem
1341 1450 1428 1520 gloria
1454 1450 1575 1520 pariendi
1590 1450 1704 1506 lvonorat
1719 1467 1727 1504 :
1741 1463 1766 1507 et
1783 1473 1786 1479 ·

168 1538 275 1597 lnlutin.
288 1541 401 1611 Dignum
416 1551 442 1595 et
463 1540 564 1612 iustum
584 1548 627 1597 est
644 1541 817 1611 omn'potens
831 1541 921 1597 licus:
976 1541 1138 1610 discipulum
1165 1542 1338 1597 recumbendi
1366 1544 1469 1599 ltortore
1494 1542 1670 1610 glorificatae
1688 1560 1763 1613 quan

126 1631 178 1688 tibi
193 1633 219 1689 in
235 1630 361 1688 omttibus
383 1647 415 1687 ae
437 1647 486 1702 pro
506 1632 631 1688 omuibus
647 1645 800 1688 sanctorum
818 1643 923 1689 tuorum
975 1632 1040 1689 ielis
1055 1644 1149 1690 venter
1161 1635 1207 1704 nui
1224 1636 1304 1692 talem
1319 1637 1411 1708 gennit
1435 1639 1536 1706 prolem
1555 1655 1561 1691 z
1577 1652 1657 1706 quarn
1683 1640 1755 1692 lvorro

129 1723 252 1780 meritis:
268 1738 301 1778 es
325 1724 377 1778 tuis
400 1722 502 1778 scilieet
527 1721 605 1777 donis
629 1732 755 1791 otrentum
783 1738 924 1793 possumus
940 1760 962 1820 Β
976 1725 1061 1780 rablle
1081 1736 1160 1792 captui
1178 1742 1184 1781 :
1201 1726 1271 1796 qnod
1293 1735 1322 1782 et
1350 1728 1418 1782 elias
1444 1727 1582 1782 resultavit
1595 1728 1622 1783 in
1647 1741 1765 1798 pectore.

132 1826 242 1884 scvvrper
258 1827 338 1883 agere
356 1813 476 1882 gratias:
502 1820 613 1880 tuasque
636 1814 774 1880 predicare
798 1814 921 1870 virtutos.
976 1814 1098 1871 Gloriosa
1123 1816 1231 1885 quvidom
1258 1816 1342 1873 liaria
1364 1832 1418 1888 que
1440 1817 1531 1888 genuit
1551 1815 1700 1873 Christum.
1714 1817 1766 1874 Seri

131 1907 182 1976 Qui
198 1907 320 1963 exeeisns
333 1903 443 1961 humilia
458 1905 570 1974 respicis
582 1921 589 1958 :
603 1915 631 1960 et
652 1905 753 1960 attollis
764 1905 880 1961 ltumiles
896 1906 922 1962 in
973 1914 1002 1961 et
1015 1905 1153 1963 lebannes
1167 1908 1213 1976 qui
1237 1908 1361 1964 recubuit
1375 1924 1454 1979 supra
1469 1907 1616 1964 cbristutu.
1639 1909 1662 1964 0
1684 1909 1768 1978 parile

128 1998 257 2054 excelsis.
276 1995 326 2065 Qui
353 1993 432 2051 nobis
454 2004 513 2063 post
534 1994 776 2052 manilestatinnem
799 1997 924 2054 incarne
975 1997 1104 2065 premium
1119 1996 1145 2051 in
1157 1997 1275 2067 utrisque
1289 1997 1452 2069 virginitatis
1467 2015 1474 2051 ι
1491 1996 1561 2068 qnod
1575 1996 1616 2051 slc
1630 2011 1767 2053 conamen·

121 2089 309 2158 ‘tedernptoris
324 2086 409 2143 nostri
424 2084 531 2142 bomini
551 2085 616 2143 lesu
637 2084 736 2143 ebrini
749 2087 922 2146 salvatoris:
974 2090 1054 2147 datur
1067 2091 1093 2145 in
1106 2093 1179 2148 cuitu
1192 2093 1252 2148 linis
1272 2107 1332 2148 curn
1347 2103 1374 2149 et
1388 2093 1469 2148 ilaris
1484 2093 1557 2148 nullu
1572 2092 1767 2163 persecutionis

124 2183 208 2241 uerbi
224 2181 425 2252 predicatores:
440 2192 524 2237 centu
541 2193 688 2250 pauperes:
706 2179 809 2251 Spiritu
824 2181 924 2238 Soneio
974 2183 1069 2238 mortis
1092 2198 1141 2239 suc
1166 2182 1350 2254 coangustiata
1376 2191 1511 2240 tormento
1540 2183 1654 2239 letanter
1669 2198 1703 2238 ex
1717 2182 1768 2238 bae

125 2274 298 2345 locupletes:
314 2273 452 2342 apostolos
473 2270 672 2341 predestinasti.
692 2270 766 2327 luter
780 2287 848 2343 qtvos
863 2273 922 2344 glo·
974 2275 1027 2330 vita
1039 2276 1210 2332 subducitur:
1223 2275 1266 2331 let
1277 2275 1494 2332 lebannestlient
1504 2289 1625 2331 recessus
1637 2274 1678 2330 sni
1690 2283 1768 2330 antea

122 2366 295 2424 riotissimus
318 2364 489 2435 Euangeliou
513 2362 650 2420 lohannes
670 2363 793 2421 doctriua
816 2368 925 2434 vitaque
976 2369 1115 2439 presciens
1142 2369 1222 2424 elbrdi
1249 2371 1307 2439 ipse
1322 2370 1373 2425 sibi
1389 2368 1506 2438 precepit
1529 2368 1616 2423 locum
1639 2367 1766 2435 sepulcri.

119 2462 244 2534 insignis
264 2461 377 2517 inultum
396 2459 530 2516 emicuit:
546 2458 592 2528 qni
617 2459 644 2515 in
666 2459 777 2514 exordio
790 2460 923 2531 evangelii
976 2458 1003 2514 ln
1016 2475 1069 2526 ouo
1083 2458 1235 2515 valedicens
1249 2458 1376 2516 iratribus
1392 2474 1401 2515 :
1418 2459 1478 2514 sine
1499 2459 1572 2513 nullo
1595 2458 1690 2513 intortis
1714 2457 1768 2512 tio-

125 2555 171 2609 eni
193 2554 221 2610 in
234 2552 365 2623 principio
385 2550 496 2606 vmbnm
521 2558 595 2608 tuum
618 2549 689 2616 apud
712 2560 740 2605 te
765 2550 847 2606 lieunt
863 2564 926 2606 esse
976 2549 1034 2605 loro
1052 2551 1210 2620 ingressus:
1231 2549 1376 2620 requiescit
1395 2562 1480 2619 usqne
1503 2547 1537 2602 ad
1556 2547 1701 2601 adventurn
1716 2546 1769 2600 llo-

124 2660 240 2716 -sentper
258 2645 360 2702 docuit.
391 2641 440 2698 Cal
463 2642 590 2698 lietuinus
610 2642 666 2711 iarn
688 2641 831 2698 crucians
845 2657 924 2712 ouem
976 2641 1043 2696 ιιιιιιι
1064 2641 1245 2711 incorruptus.
1261 2641 1327 2696 Tam
1345 2653 1494 2696 extraneus
1509 2655 1524 2694 a
1541 2647 1675 2694 tormento
1694 2652 1767 2691 rnor-

131 2735 246 2790 eelibem
268 2734 414 2803 elegerat:
439 2739 551 2787 utatrern
574 2746 649 2786 suatn
674 2732 802 2802 virginem
819 2731 832 2771 b
848 2747 925 2788 com·
977 2734 1031 2789 tis:
1047 2749 1126 2803 quatu
1154 2733 1258 2790 alienus
1284 2749 1300 2788 u
1324 2733 1495 2802 corruptione
1517 2730 1607 2787 extitit
1627 2739 1638 2779 ι
1667 2732 1766 2785 earnis.

122 2824 289 2892 -ruendavit,
305 2825 385 2895 cique
410 2823 575 2880 revelatione
597 2821 706 2878 tttlt'iilco
728 2825 790 2894 quil
810 2841 856 2897 ivry
873 2826 925 2881 tice
977 2827 1045 2883 ilinc
1060 2827 1216 2898 igiturquia
1233 2828 1409 2897 preciosaest
1428 2825 1455 2878 in
1474 2832 1621 2893 cottspeotu
1647 2831 1692 2878 tuo
1718 2823 1768 2878 llo·

130 2921 244 2974 duceret
263 2917 390 2972 ostendit.
419 2917 505 2984 Quem
520 2915 578 2970 sine
590 2915 719 2971 ellnsione
732 2917 870 2988 satigniuis
883 2917 926 2973 el·
976 2918 1049 2974 ntiue
1070 2934 1143 2974 mors
1157 2920 1251 2973 borum
1267 2924 1421 2974 sanctornm
1438 2926 1543 2971 tuorum
1560 2931 1568 2969 :
1587 2921 1616 2968 te
1638 2913 1768 2983 demeu-

129 3009 228 3063 -lleiens
242 3006 387 3079 gloriosum
405 3005 534 3077 usquead
553 3007 698 3061 adventium
716 3021 773 3060 sna:
793 3007 924 3063 claritatis
977 3025 1037 3064 mur
1060 3010 1159 3066 utlvec
1183 3011 1338 3066 bolocautta
1361 3018 1454 3065 nostra
1477 3007 1626 3076 suscipient
1643 3023 1650 3059 :
1669 3006 1769 3061 nocuis

134 3110 279 3158 correcrvat
293 3099 399 3156 sibimet
412 3108 423 3138 ι
441 3098 635 3166 incorruptum.
647 3095 701 3169 47
713 3096 763 3164 Qui
778 3112 849 3153 outre
864 3097 961 3172 tibi-c
977 3103 1134 3160 criminibus
1149 3103 1255 3160 veniant
1283 3111 1398 3172 prestes.
1414 3101 1521 3167 Quoad
1542 3101 1626 3155 instar
1646 3097 1769 3168 Apostoll

128 3201 190 3247 utet
211 3191 306 3262 spiritu
328 3191 462 3259 iunctus:
486 3189 555 3244 inter
584 3197 736 3244 sanctorum
768 3189 923 3260 augelorum
977 3194 1014 3247 tui
1029 3202 1076 3250 :et
1090 3205 1117 3248 tu
1139 3197 1294 3263 incorrupto
1306 3207 1452 3263 sequamur
1466 3205 1500 3247 et
1514 3189 1596 3246 eorde
1616 3198 1666 3243 :et
1692 3187 1769 3242 tuatl

135 3283 289 3338 irnvutneras
305 3282 423 3351 legiones
435 3278 591 3351 splendidae
606 3278 789 3348 apostolorum
801 3280 826 3333 in
840 3279 924 3334 choro
977 3300 1027 3341 nos
1039 3283 1149 3341 veniens
1164 3284 1233 3355 apud
1249 3298 1299 3339 nos
1312 3284 1396 3339 iacias
1411 3281 1577 3338 mansionem
1592 3279 1661 3335 lleut
1676 3287 1770 3334 uostm

132 3374 286 3445 relnlgens:
301 3384 327 3429 te
340 3373 423 3428 [ιιιιιι
445 3386 505 3427 enm
517 3369 654 3426 Circrubin
669 3385 701 3426 ac
719 3370 852 3441 Seraplrin
864 3371 925 3427 sine
976 3392 1007 3433 ae
1020 3378 1183 3446 Redemptor
1194 3385 1316 3432 eternus.

131 3468 285 3524 cessatione
298 3465 441 3522 conlaudat
454 3473 482 3520 et
494 3462 570 3520 dicit.
1014 3467 1076 3522 Post
1092 3467 1184 3536 pridie.
1198 3464 1298 3522 Oratio.
1310 3463 1417 3521 Citriste
1428 3463 1499 3519 itlius
1508 3462 1555 3517 Ilei
1568 3479 1576 3516 :
1587 3461 1631 3530 uni
1646 3457 1769 3514 elevatus

159 3557 281 3613 *ctrina
298 3557 422 3614 Sanctus.
439 3554 564 3611 &tuctus
578 3552 701 3610 mitons.
978 3561 1005 3613 iu
1029 3570 1109 3612 eruce
1134 3555 1294 3624 discipulum
1324 3553 1404 3609 matri
1422 3561 1612 3620 :matremque
1636 3547 1770 3619 discipulo

165 3749 181 3777 a
198 3735 370 3806 Simpliciter.
383 3733 519 3800 Fortasse,
532 3741 555 3787 te
566 3732 728 3802 suppliciter.
976 3736 1179 3807 (biturgieornm
1202 3744 1264 3791 tont.
1282 3734 1337 3804 lll,
1367 3748 1397 3790 ea
1425 3748 1484 3803 ortae
1507 3730 1587 3803 (Pap.
1617 3730 1683 3801 551)
1698 3731 1769 3788 leslo

167 3810 181 3850 b
197 3805 398 3865 Cotnmeutinuit.
412 3805 526 3860 Sanetus
534 3804 711 3876 Hieronymus
726 3802 917 3872 (epistntetet,

132 3894 194 3937 totu.
206 3878 232 3942 l,
246 3876 297 3931 Ed.
315 3872 424 3944 Veron.)
436 3873 468 3928 ad
485 3874 644 3945 Pritveipiant
656 3873 749 3928 sctiltil
764 3889 771 3926 :
787 3871 919 3943 Virginem

130 3962 241 4007 arrotreut
263 3947 380 4003 ioannes
394 3945 464 4016 pilius
478 3946 549 4016 uirgo
559 3945 680 4011 sussepit.
698 3943 729 3997 Et
744 3951 799 3998 tom
814 3942 835 3998 ll
846 3944 918 4010 (lib.

132 4039 139 4078 t
155 4023 213 4078 edu.
234 4017 378 4080 domnina„
397 4032 425 4070 tt.
437 4016 484 4077 ibt
497 4019 534 4070 uit
548 4032 556 4071 :
571 4016 594 4070 Α
608 4013 720 4069 Dourion
732 4013 828 4083 supine
838 4023 921 4069 muter

132 4095 204 4161 uiroc
232 4088 327 4147 loanni
351 4087 444 4160 uirgini
462 4087 591 4156 discipulo
604 4084 805 4140 courmeudatur.
820 4087 919 4139 Sartoto

132 4151 283 4235 Epiphanio
298 4155 385 4229 (Her.
399 4159 444 4222 78,
460 4157 629 4223 Arriidicom.)
643 4155 740 4209 asserit
752 4155 822 4225 qnod
838 4156 922 4208 moui·

133 4236 229 4305 festum
241 4239 278 4287 eat
304 4229 401 4285 irtavrni
414 4236 518 4299 propter
531 4227 703 4294 uirginitatem
715 4224 850 4279 Citristntn
868 4225 921 4277 llo-

125 4306 234 4359 vniuurn
259 4302 293 4355 de
313 4314 395 4354 eruee
423 4307 536 4351 vvtatrent
561 4297 690 4364 virginem
705 4295 919 4349 commendasse.

133 4375 212 4429 l‘lnra
223 4369 319 4427 similia
334 4367 404 4437 apud
419 4376 524 4421 sanctos
535 4366 628 4420 Patres
644 4372 795 4420 recttvtunt.

170 4442 389 4508 eincorruptum.
419 4437 552 4490 llemortc
565 4435 649 4489 sancti
669 4433 920 4503 inarrniserangeli·

133 4525 185 4570 stm
204 4515 271 4567 mira
287 4519 329 4564 est
344 4507 476 4562 dissensio
492 4505 563 4560 inter
579 4507 702 4574 antiquos
714 4513 741 4559 et
757 4504 921 4560 recentiores

133 4586 298 4653 scriptores:
322 4580 399 4647 lottge
423 4576 577 4630 cvnrlrlrllinr
597 4590 689 4632 eorum
704 4575 808 4629 videtur
830 4576 923 4644 opinio

132 4658 177 4724 tpti
190 4661 310 4708 sarnetum
335 4647 491 4718 Apostolum
515 4656 660 4710 nrortuunt,
678 4654 707 4700 et
721 4644 818 4714 Epltesi
834 4645 922 4714 sepul·

134 4734 191 4779 turn
208 4723 327 4778 tradunt.
344 4723 378 4773 tlt
391 4717 533 4773 contrarie
546 4717 686 4787 opiniones
702 4724 921 4770 nrvncarentma·

128 4799 179 4865 gni
194 4792 310 4849 nominis
323 4786 470 4844 [autoribus
485 4805 491 4838 :
509 4786 687 4841 Florentinius
701 4782 746 4855 (itt
760 4783 846 4838 iuriis.
856 4800 921 4852 opo·

133 4867 235 4931 stolion,
245 4861 358 4925 caereo,
369 4876 396 4930 p.
411 4857 462 4912 lea
472 4868 495 4910 et
508 4859 585 4926 seo),
601 4854 787 4911 Tillentontius
797 4854 882 4925 (Tont.
893 4854 921 4921 i,

135 4949 185 4991 nrt.
208 4938 254 4997 ill,
270 4934 314 4997 lt,
329 4934 361 4984 de
375 4930 406 4982 S·
420 4925 520 4982 instrue
534 4926 667 4998 sportolo,
682 4935 705 4979 et
715 4935 770 4978 not.
788 4926 844 4996 ll).
859 4925 922 4980 llis-

134 5008 185 5062 sati
209 5011 302 5059 nostro
323 5000 500 5070 astipulantur
510 5008 618 5051 sanetus
631 4996 750 5050 liilarius
764 4993 836 5064 (bil.
849 5009 876 5050 tt
891 4997 923 5048 de

132 5076 233 5148 Trittd.
244 5073 365 5130 scribens
380 5087 386 5124 :
399 5069 513 5124 Joontres
527 5069 564 5121 eie
577 5083 655 5138 utque
665 5065 700 5118 oti
714 5065 851 5120 aduentum
867 5065 920 5118 llo·

136 5149 201 5202 urrini
224 5159 341 5208 ctuttens,
365 5150 391 5196 et
414 5140 462 5194 sul
483 5149 643 5193 sacramento
670 5136 763 5189 dativa
783 5136 924 5190 uoluntatis

135 5221 239 5272 relictus
264 5216 412 5284 deputetur:
436 5211 518 5264 etalii
547 5208 615 5275 apud
631 5203 921 5268 Florentiniumcitati,

138 5291 233 5354 ortibus
246 5285 466 5341 addamsanctnnt
476 5275 817 5333 llnsimnnt'iaurinensetn
827 5274 922 5344 (ilem.

138 5358 258 5411 denuoi.
280 5356 400 5411 sanctor.
431 5349 561 5421 linctum,
587 5346 656 5419 opud
675 5345 715 5399 cl.
739 5344 921 5410 liurotoriunt,

137 5427 259 5480 Anecdot.
269 5434 295 5479 t.
307 5425 319 5479 l
329 5424 361 5490 ι’,
377 5439 436 5492 prop.
450 5420 511 5488 ιιι),
527 5421 569 5474 ubi
584 5422 651 5480 liaeo,
664 5427 693 5471 ut
702 5415 755 5471 alia
765 5418 924 5485 praeterunt·

137 5505 212 5549 tant:
238 5495 348 5549 loannis
373 5505 457 5547 trtrrun
477 5492 588 5561 aposloli
623 5488 742 5542 lanberrrtts
768 5487 921 5551 euernplttut,

136 5581 211 5638 prtem
221 5566 336 5619 tumulus
349 5574 493 5633 susceptum
504 5563 621 5616 claudere
633 5559 725 5626 poterit,
733 5559 860 5612 rttttout‘re
873 5572 924 5610 non

156 5637 230 5690 oluit.

135 5655 186 5743 pl
206 5705 255 5773 Qui
277 5701 473 5774 prrrprrrntilrur.
495 5701 566 5758 inter
590 5699 759 5772 praelatiores
776 5714 791 5754 a
807 5696 925 5755 Pantelio

974 3810 1059 3862 saneti
1069 3806 1178 3862 tirannis
1192 3805 1359 3868 attribuitur,
1374 3817 1498 3875 magnam
1514 3803 1594 3857 habet
1609 3816 1673 3857 cum
1686 3802 1769 3857 initio

975 3877 1053 3944 liujus
1064 3878 1193 3932 orationis
1203 3875 1312 3931 sintilitu
1324 3876 1414 3930 linem.

1011 3947 1239 4003 ‘Corrrmmtinru't
1264 3945 1370 4001 liissale
1391 3942 1608 4007 Ambrosianum,
1623 3942 1651 3994 in
1665 3942 1770 4010 proso·

974 4021 1044 4075 tione
1061 4019 1147 4075 snaed
1168 4015 1299 4073 ioannis:
1326 4014 1407 4079 Quem
1423 4010 1632 4065 llominurJesut
1644 4010 1767 4067 Christus

975 4106 1028 4144 tren
1051 4088 1136 4143 solutu
1159 4085 1283 4157 peculiari
1302 4099 1402 4153 temper
1423 4082 1515 4135 decore
1527 4082 1637 4146 orruerit,
1654 4082 1769 4136 aeduin

977 4175 1053 4214 erute
1071 4160 1168 4227 positus
1189 4166 1311 4224 teregnum
1324 4152 1488 4208 hereditario
1499 4167 1605 4204 nrunere
1617 4161 1769 4221 prosecutus

976 4230 1101 4284 ticoriunt
1117 4244 1163 4296 pro
1175 4242 1202 4280 te
1213 4225 1288 4279 ntntri
1299 4224 1382 4292 filiunt
1393 4221 1650 4275 clementerottribuit
1663 4257 1767 4276 .....

978 4299 1079 4355 Eadem
1093 4299 1223 4352 verbatim
1238 4296 1265 4351 in
1277 4293 1455 4350 Arvtbrosiano
1471 4292 1580 4347 Parnelii
1594 4290 1730 4359 leguntur.

937 4369 961 4429 D
1014 4366 1074 4422 ‘Et
1093 4365 1238 4422 initnnnes.
1269 4356 1369 4420 Eadeut
1393 4364 1524 4417 ltalrentur
1546 4360 1615 4428 apud
1641 4370 1768 4415 ιιιιιιιιιιι

977 4438 1034 4509 ling
1047 4442 1153 4493 tstinurn
1181 4436 1241 4506 (Tr.
1270 4436 1333 4501 let,
1358 4436 1385 4489 in
1406 4432 1555 4496 lourrnenr);
1573 4431 1599 4484 in
1615 4429 1768 4499 llervnlogin

976 4509 1077 4572 Basilii,
1092 4509 1136 4560 die
1148 4504 1182 4559 et
1197 4505 1362 4575 Septembris
1376 4503 1469 4576 (Edit.
1479 4500 1527 4557 Gr.
1542 4500 1601 4554 Lot.
1611 4498 1725 4567 Urbini);
1743 4503 1769 4555 in

977 4580 1044 4634 lrbrn
1068 4579 1102 4633 do
1124 4577 1184 4632 Vita
1209 4588 1236 4632 et
1261 4577 1346 4632 llorte
1363 4584 1514 4629 satretorum
1532 4572 1607 4640 (dap.
1624 4567 1684 4641 lo),
1699 4572 1770 4626 iuter

977 4664 1056 4720 opera
1071 4649 1156 4704 sancti
1168 4647 1271 4703 isidori.

1015 4730 1027 4768 s
1041 4718 1142 4773 Carnis.
1154 4717 1268 4773 Sanctus
1284 4712 1509 4783 durguslinusllr.
1523 4708 1770 4778 libindoonneut)

977 4791 1094 4844 ostendit
1107 4803 1156 4842 suo
1171 4797 1292 4856 ternpore
1306 4785 1437 4840 creditum
1454 4785 1534 4836 inisse
1547 4788 1671 4834 sanctuni
1685 4779 1769 4834 toan·

978 4875 1039 4914 nem
1060 4873 1152 4915 revera
1174 4871 1226 4910 non
1244 4872 1304 4911 esse
1326 4866 1473 4919 utortuum,
1486 4854 1530 4905 seri
1545 4852 1571 4904 in
1586 4851 1632 4904 illo
1646 4849 1770 4919 sepulcro

978 4935 1045 5002 ejus,
1068 4928 1137 4999 quod
1157 4925 1274 4998 ettopud
1296 4922 1440 4994 Eplreeunt,
1465 4922 1578 4975 dormire
1602 4934 1659 4975 enm
1680 4919 1769 4986 potius

978 5015 1054 5068 quein
1068 5008 1197 5054 mortuum
1203 4997 1306 5068 jacere:
1318 4995 1363 5066 nui
1377 5008 1441 5050 vero
1455 4992 1481 5048 in
1496 4995 1546 5046 bae
1555 4999 1632 5044 erant
1643 4989 1773 5058 opinione

979 5086 1028 5138 pro
1048 5078 1205 5136 argumento
1225 5068 1333 5122 aiebant
1346 5064 1401 5119 illic
1416 5075 1510 5118 terrum
1521 5062 1616 5116 sensim
1624 5069 1731 5124 mutere,
1747 5068 1774 5112 et

978 5142 1052 5211 qnasi
1064 5139 1181 5205 ebullire,
1196 5150 1273 5207 utque
1284 5136 1393 5204 boecius
1402 5134 1518 5188 anhelitu
1532 5131 1599 5197 lieri,
1607 5137 1635 5183 et
1645 5138 1706 5194 post
1718 5141 1773 5184 nou

980 5225 1063 5280 pauca
1074 5214 1179 5264 modern
1192 5206 1325 5262 concltrdit
1336 5201 1686 5271 :Ceduntruopinioniquuut
1695 5199 1774 5254 cerua

978 5281 1139 5336 decrementis
1161 5279 1278 5348 refellere
1300 5292 1352 5330 nort
1363 5277 1490 5329 talemne.
1506 5275 1568 5327 llaec
1583 5280 1662 5325 terre
1675 5269 1774 5323 ebulli-

977 5354 1016 5405 tio
1030 5353 1063 5405 ad
1076 5350 1160 5405 saneti
1174 5347 1284 5403 ineurvis
1298 5346 1550 5416 septimanorum
1560 5350 1670 5396 sanetus
1681 5342 1775 5403 ungn-

978 5424 1064 5477 stinus
1090 5419 1185 5494 (llio.)
1212 5426 1326 5473 testatur
1352 5431 1414 5470 seu
1434 5430 1485 5468 nott
1508 5412 1604 5468 leuibus
1626 5408 1777 5463 nonnitus

978 5493 1126 5562 coepisse,
1149 5491 1217 5545 adeo
1242 5499 1314 5545 certa
1330 5494 1399 5547 erat,
1415 5494 1444 5540 ut
1455 5485 1573 5540 Ecclesia
1589 5481 1695 5544 Graeca,
1712 5493 1777 5535 eam

977 5565 1012 5618 ob
1028 5576 1093 5628 rein,
1118 5561 1162 5616 die
1176 5569 1269 5616 octava
1282 5558 1343 5614 llnii
1356 5554 1471 5629 (Menai.
1484 5552 1581 5623 basil.)
1595 5549 1776 5608 testivitatem

977 5634 1164 5691 celebraverit.
