3794 6106
124 254 177 312 res
482 254 626 312 utssate
647 235 780 311 turnus
800 250 874 309 sec.
895 248 976 307 nco.
1000 250 1030 307 u.
1050 246 1183 308 tstoonr.
1205 277 1240 290 -
1259 246 1347 306 rans
1366 247 1401 308 ιι.
1711 232 1765 290 ιιι

124 385 179 436 stat
200 386 207 426 :
227 392 274 448 per
291 390 342 446 que
357 377 407 430 ista
417 376 588 446 congreditur
608 389 617 430 ι
636 385 663 433 et
686 375 843 444 plerumque
857 369 991 442 plusAO
1013 368 1089 425 luror
1111 367 1259 438 sacrilegus
1285 381 1337 422 :se
1362 365 1449 435 ipsum
1464 363 1562 436 trangit
1582 363 1724 425 invasis:
1743 377 1770 426 et

124 468 215 526 valent
237 467 339 522 occulta
362 465 434 523 bella
455 482 464 522 :
483 480 562 536 quarn
587 467 694 536 publica
716 479 725 518 ε
744 464 808 520 dnm
831 465 919 520 minus
970 461 1107 517 Christum
1122 460 1187 516 iacit
1209 459 1376 529 triumphare
1390 456 1550 535 detauctis.
1565 455 1620 514 Sus
1638 469 1771 516 boussut

124 556 286 615 erubescunt
308 571 316 612 r
336 554 529 624 quisineteste
541 565 698 624 operamur.
714 555 754 610 Ad
767 554 853 610 celum
869 553 921 609 ita·
971 553 1158 624 membraque
1177 551 1309 610 destruxit
1323 564 1463 622 quaecum
1477 559 1572 607 eterno
1583 550 1658 623 ttrge
1675 552 1771 611 risere

124 663 177 720 que
199 646 292 703 oculos
316 647 490 717 animumque
513 655 648 702 vertamus
670 661 677 700 ε
698 653 727 701 ιιι
749 645 919 716 omnipotens
971 646 1035 704 iacit
1056 664 1062 701 :
1084 662 1145 704 cum
1168 647 1254 717 punlt.
1280 645 1351 701 Ecce
1369 643 1576 701 innumerabiles
1590 659 1644 701 uon
1663 655 1773 704 ιιιιιιι

125 738 198 794 lleus
223 735 362 806 inspector
392 735 483 790 cordis
505 753 514 792 r
533 734 708 806 cognitorque
734 735 832 790 secreti
858 749 920 789 cum
973 736 1069 809 ‹lpcne
1084 757 1091 793 ε
1104 749 1132 795 et
1146 737 1318 795 sanctissime
1333 735 1458 806 l'irgines
1478 732 1613 791 curistsm
1628 736 1771 793 ilomittunr

125 827 283 898 probauerit
306 826 357 882 sibi
370 825 478 897 placere
490 840 544 896 que
564 826 705 897 querimus
726 839 735 878 a
755 825 919 882 uoluntatem
971 830 1160 887 nondesinunt
1172 828 1324 899 preconari.
1336 827 1450 883 coctum
1460 824 1770 897 adremriusdissipat:

125 928 245 974 nostram
257 918 309 974 sibi
325 933 373 988 pro
388 918 512 989 passione
525 917 635 987 deputet
656 934 664 976 t
684 924 711 973 ιι
722 924 782 972 sota
799 929 848 987 pro
860 930 920 972 san·
971 919 1042 992 quod
1057 934 1073 975 a
1087 918 1267 977 sanctissimis
1282 916 1434 989 Virginibus
1448 915 1575 973 venditur
1588 917 1688 976 lutum.
1701 919 1771 988 Quia

125 1009 216 1080 guine.
241 1007 279 1077 ri.
294 1010 391 1063 Amen.
971 1011 1156 1068 crudelitatem
1182 1024 1258 1067 stram
1272 1009 1395 1082 geltcone
1418 1009 1532 1080 parabat
1549 1009 1716 1066 mouendam
1731 1012 1772 1066 iu·

161 1099 222 1155 Alis
238 1097 340 1154 Oratio.
356 1097 506 1156 Peoitentia
521 1105 627 1154 tuarum
647 1096 761 1155 minine
775 1095 920 1168 Martyrum
971 1102 1078 1160 cendio.
1090 1103 1163 1161 Talis
1180 1103 1308 1158 atrocitas
1329 1101 1444 1158 ueritate
1464 1100 1616 1157 dettucitur
1631 1115 1641 1156 t
1654 1103 1697 1159 sic
1720 1102 1769 1158 bu·

126 1191 202 1248 iuste
214 1192 347 1250 etliutlne
361 1191 481 1248 solennia
495 1191 663 1248 celebrantes
684 1206 693 1248 ι
712 1205 765 1261 que
779 1192 922 1248 mercimo-
972 1195 1145 1251 mititascum
1159 1195 1285 1266 superbia
1298 1193 1418 1249 dimicat.
1434 1189 1471 1248 llt
1490 1199 1625 1264 martyres
1644 1209 1712 1264 quas
1725 1210 1773 1266 per

126 1284 172 1340 nio
184 1282 303 1340 betilium
319 1284 490 1340 vasculorum
510 1293 667 1356 contempto
686 1300 696 1341 r
716 1300 801 1354 usque
815 1283 921 1356 passio·
971 1284 1183 1341 contractionem
1196 1284 1368 1341 uasculorum
1378 1283 1503 1340 diabolus
1512 1284 1706 1342 condemnasse
1716 1301 1773 1344 cre·

127 1378 169 1433 nis
183 1387 337 1434 meruerunt
360 1377 473 1449 gloriam
499 1379 648 1450 peruenire.
671 1376 711 1436 Te
724 1379 839 1435 acclives
860 1392 922 1435 ora·
972 1377 1054 1435 debat
1069 1396 1076 1434 ι
1089 1375 1455 1450 periectu'eonsurnmattone
1472 1377 1593 1450 utartgrii
1605 1378 1705 1435 celeste
1728 1395 1774 1435 re·

127 1486 187 1528 ntus
208 1486 217 1527 ι
236 1480 264 1527 ut
277 1486 329 1542 per
348 1484 395 1528 eas
407 1469 476 1541 opud
494 1478 519 1526 tc
540 1480 631 1526 nostra
645 1469 792 1541 accipiatur
813 1469 919 1526 oratio:
972 1483 1054 1540 gnum
1074 1467 1224 1524 obtinuisse
1236 1475 1248 1505 ι
1262 1476 1408 1540 gemescat.
1425 1467 1504 1525 ilntlc
1517 1469 1682 1539 maleststcm
1697 1478 1771 1526 turni

128 1576 240 1632 quarum
255 1572 283 1618 tu
295 1562 391 1620 letatus
400 1577 430 1620 es
441 1563 475 1620 de
488 1562 634 1634 triumplro.
645 1561 698 1620 Per
709 1576 756 1619 eas
766 1561 921 1629 evincamus
972 1556 1054 1615 Pater
1075 1558 1199 1629 piissime
1223 1557 1391 1630 postulamus
1406 1574 1413 1612 :
1430 1566 1459 1615 ut
1477 1558 1706 1630 quemadmodum
1721 1561 1773 1616 iltis

127 1652 281 1723 cupiditatis
306 1651 428 1710 incendia
450 1668 460 1708 r
487 1668 535 1723 per
557 1652 717 1727 quaem
731 1652 789 1724 ipse
813 1653 921 1710 tortoris
975 1653 1002 1708 io
1016 1651 1212 1722 congressione
1224 1650 1358 1723 passionis
1372 1650 1477 1708 donasti
1487 1654 1666 1710 constsmlaru
1681 1655 1772 1712 :itaet

128 1752 142 1780 ι
157 1742 282 1799 evincisti
304 1752 436 1801 tormenta
458 1746 604 1818 :ipsisque
623 1759 672 1801 nos
692 1745 922 1803 intercedentibus
936 1724 961 1788 Β
974 1757 1025 1801 nos
1047 1744 1121 1800 uitiis
1144 1743 1297 1800 comalibus
1320 1742 1444 1813 expiatos
1466 1741 1551 1802 iacies
1574 1746 1719 1816 perremre
1739 1747 1771 1804 td

127 1837 232 1908 corrige
254 1851 263 1891 a
281 1852 395 1907 quarum
411 1846 438 1894 te
450 1839 579 1895 rictorem
591 1837 733 1895 ostendisti
743 1837 770 1894 in
785 1840 920 1908 passione.
972 1835 1071 1908 gaudia
1085 1835 1261 1907 sempiterna.
1282 1833 1337 1891 Per
1350 1834 1486 1892 Christum
1499 1834 1544 1892 cui
1563 1837 1663 1896 merito
1679 1853 1771 1896 outncs

128 1929 163 1985 tit
185 1943 237 1999 que
260 1929 309 1986 tibi
331 1944 379 2000 per
401 1929 512 2002 gloriam
535 1930 690 1987 meritorum
714 1929 836 1988 :edecta
860 1941 923 1988 sunt
971 1926 1068 1998 tingeli
1082 1943 1137 1984 noo
1157 1935 1268 1983 cessant
1289 1926 1407 1983 clinare
1422 1943 1430 1980 ε
1445 1926 1481 1983 ita
1499 1925 1632 1986 dicentes.
1654 1928 1770 1986 ri.sau·

45 2017 51 2030 '
126 2019 328 2076 sasasirtutum
349 2037 358 2076 t
377 2034 594 2092 unumquemque
604 2031 726 2078 nostrum
736 2022 805 2093 apttd
817 2032 844 2080 te
853 2022 923 2080 obti-
972 2022 1043 2071 ⁰¹⁰⁸·

127 2119 191 2169 ,ιω
204 2125 251 2167 m
272 2126 349 2168 ,uum
363 2111 466 2184 apsque
486 2112 648 2184 contagione
668 2113 806 2185 „mmm
828 2127 922 2186 pecca.
1008 2103 1072 2161 Post
1089 2104 1212 2162 sonetur.
1228 2105 1297 2163 lere
1318 2115 1428 2165 moetus
1444 2125 1450 2162 :
1468 2122 1534 2166 rere
1547 2109 1707 2168 benedictus
1722 2112 1769 2167 bo-

127 2201 239 2257 minum.
263 2201 301 2270 ἡ.
316 2204 412 2257 Amen.
971 2197 1061 2253 minus
1076 2207 1168 2253 noster
1182 2195 1264 2254 lesus
1285 2199 1409 2254 Christus
1422 2197 1493 2256 fliius
1506 2207 1577 2256 tuus.
1593 2201 1681 2269 Quem
1695 2217 1768 2260 sacre

163 2289 225 2347 Post
239 2292 353 2346 nomios.
366 2289 468 2347 Oratio.
480 2289 552 2348 Deus
565 2293 610 2362 qtti
624 2307 675 2350 nos
698 2308 745 2365 per
763 2293 921 2366 Apostolum
975 2287 1097 2358 Virgines
1113 2288 1188 2346 insta
1209 2298 1237 2346 et
1250 2287 1346 2344 liuline
1363 2307 1370 2343 :
1386 2290 1442 2345 rite
1453 2289 1578 2360 operibus
1591 2293 1693 2363 parties
1707 2309 1714 2347 r
1728 2308 1769 2348 so·

128 2389 202 2437 tuum
218 2399 225 2435 r
243 2383 358 2453 propriis
372 2381 496 2438 manibus
508 2382 607 2439 rictum
621 2398 736 2454 querere
755 2386 897 2457 precepisti
912 2405 920 2442 ι
971 2380 1068 2451 cisque
1082 2381 1216 2451 passionis
1230 2381 1465 2439 consummatione
1481 2381 1585 2440 ielices.
1600 2382 1641 2439 Er
1657 2386 1703 2440 illo
1718 2383 1729 2425 f
1742 2400 1769 2442 se

129 2471 288 2531 Sanctarum
306 2483 410 2530 tuarum
423 2473 500 2531 iuste
513 2483 540 2531 et
555 2472 650 2532 liuline
664 2476 786 2546 precibus
797 2478 923 2548 spiritua·
972 2482 1069 2544 questu
1089 2474 1213 2543 pertenui
1228 2471 1349 2530 dctilium
1364 2475 1536 2532 vasculorum
1550 2494 1557 2530 r
1571 2479 1724 2534 vestierunt
1744 2481 1767 2533 iu

128 2562 181 2622 lem
197 2563 273 2622 nobis
294 2565 411 2622 attribue
424 2566 546 2622 rictum:
567 2573 597 2623 et
615 2566 801 2636 quotidianum
821 2567 864 2639 pie
877 2569 923 2624 mi·
972 2581 1111 2639 paupere:
1127 2566 1297 2639 collegerunt
1320 2568 1347 2623 in
1373 2569 1480 2639 bospite
1505 2585 1512 2624 :
1534 2570 1670 2626 satiarunt
1690 2573 1717 2626 in
1736 2570 1769 2625 si·

129 2656 274 2712 secationis
286 2657 447 2713 subsidium.
460 2656 495 2714 iit
518 2658 552 2713 be
567 2656 691 2730 llirgincs
704 2673 757 2728 que
769 2661 825 2716 suis
838 2660 923 2716 mani·
972 2659 1066 2716 tiente.
1088 2658 1131 2716 Sit
1153 2659 1234 2729 igitur
1247 2657 1286 2715 illi
1307 2658 1393 2715 bonor
1409 2675 1417 2714 r
1435 2669 1464 2716 et
1482 2658 1615 2717 indelessa
1632 2661 1769 2718 laudatio:

128 2743 178 2800 btts
188 2752 216 2801 et
226 2747 333 2816 proprie
348 2746 427 2802 saluti
439 2763 445 2799 :
455 2757 483 2803 et
492 2745 638 2817 indigentie
649 2749 802 2819 provisores
812 2749 921 2819 inopum
972 2749 1018 2822 qui
1030 2750 1126 2806 borum
1140 2764 1281 2806 munerum
1296 2750 1442 2822 inspirator
1454 2759 1497 2809 est
1518 2753 1621 2823 pariter
1634 2766 1661 2811 ct
1684 2769 1770 2811 susce·

128 2836 275 2893 extiterunt
297 2855 304 2890 ι
328 2837 384 2893 suis
407 2836 539 2909 suliragiis
559 2847 613 2895 tarn
635 2840 785 2900 niventibus
808 2860 815 2897 :
840 2858 921 2915 quana
973 2851 1044 2914 ptor.
1059 2840 1126 2897 cum
1141 2841 1201 2911 ipse
1223 2840 1266 2897 bis
1288 2855 1320 2898 se
1343 2855 1424 2912 egere
1443 2845 1622 2914 pronunciat:
1635 2846 1681 2916 qul
1700 2847 1770 2902 sulus

129 2927 264 2985 defunctis
279 2942 396 3001 congrua
411 2930 530 2986 rcutedia
544 2932 702 3004 largiantur.
720 2936 867 3009 rl.ttmen.
971 2934 1024 2987 bec
1036 2929 1191 2988 bominibus
1203 2931 1345 2989 tribuenda
1356 2933 1478 3003 inspirat.
1494 2934 1554 3005 lpse
1565 2936 1667 3007 quippe
1678 2940 1768 2993 boruut

165 3019 205 3074 Ari
218 3035 316 3091 ιιειιιι.
332 3019 434 3077 Oratio.
450 3020 572 3080 Piissime
592 3024 747 3097 redemptor
760 3036 787 3083 er
799 3028 921 3085 conditor
973 3021 1119 3093 inspirator
1134 3040 1141 3078 r
1156 3021 1280 3080 domitio
1299 3022 1328 3079 iu
1344 3023 1472 3083 membris
1494 3026 1551 3083 suis
1574 3027 1619 3096 pie
1633 3025 1770 3083 reficitur:

128 3112 256 3169 universe
267 3112 357 3168 carnis
372 3128 378 3166 :
392 3111 437 3183 qui
452 3112 578 3184 patientia
594 3122 699 3173 tuarum
715 3118 852 3189 virginum
875 3088 958 3177 amc
976 3111 1075 3169 donata
1089 3113 1256 3169 donantibus
1278 3122 1340 3184 post
1354 3114 1494 3185 multiplici
1518 3115 1612 3173 tenore
1627 3133 1634 3170 ι
1651 3131 1682 3172 se
1696 3119 1769 3173 retri·

129 3201 196 3274 tiqui
221 3202 307 3258 bostis
329 3203 480 3261 contrivisti
500 3204 646 3277 impulsum
663 3224 670 3263 ι
686 3208 732 3279 qui
746 3210 925 3281 predictarum
975 3204 1077 3262 bdellii
1100 3203 1225 3276 largitur.
1252 3203 1375 3263 Chrissltt
1404 3204 1533 3263 Domltdlt
1559 3220 1593 3263 ιθ
1621 3207 1771 3277 redemptor

129 3293 268 3367 Virginem
293 3294 448 3352 societatem
467 3297 576 3356 turbere
595 3311 629 3356 et
648 3299 831 3358 contractione
844 3316 926 3361 susus
976 3304 1097 3354 eternus.
1248 3294 1251 3301 “

129 3394 174 3444 est
186 3387 367 3443 uasculorum.
383 3386 457 3444 bona
471 3387 549 3444 nobis
562 3374 572 3442 ἐ
587 3398 616 3444 ιι
638 3388 812 3449 immobiliter
831 3391 859 3449 lo
876 3407 926 3451 no·
1015 3386 1077 3442 Poll
1089 3385 1182 3458 pridie·
1199 3385 1302 3441 Orsilo-
1315 3384 1356 3443 01)
1368 3384 1498 3443 honorem
1514 3386 1651 3457 Ριιιὶῠιιῑί
1665 3386 1772 3445 lamuh-

130 3479 195 3535 stris
205 3478 330 3536 cordibus
341 3479 476 3534 radicatus
492 3495 499 3530 :
518 3477 624 3535 indrma
634 3481 721 3537 nostrl
733 3480 853 3552 corporis
862 3497 926 3539 ress
975 3492 1036 3536 rum
1056 3486 1161 3534 tuarum
1185 3477 1262 3535 ltrste
1280 3487 1308 3535 et
1329 3477 1426 3536 liuline
1448 3494 1456 3533 ε
1478 3477 1527 3534 ltas
1542 3476 1590 3535 tibi
1605 3479 1677 3536 ileos
1698 3478 1772 3534 Pater

130 3567 208 3626 fortia
223 3569 269 3626 tibi
284 3583 332 3639 pcr
344 3569 484 3624 ebaritatit
497 3583 578 3640 opera
592 3585 775 3642 preparemus.
792 3573 851 3642 Quo
863 3575 925 3631 nul·
975 3568 1078 3627 bosttas
1101 3569 1271 3628 immolantes
1292 3589 1299 3626 ι
1321 3585 1462 3641 precantur
1484 3588 1491 3625 :
1513 3580 1543 3627 ut
1561 3571 1671 3628 illarum
1695 3573 1772 3628 inter·

130 3662 165 3718 lls
179 3662 238 3718 elisi
250 3663 347 3734 jaculis
360 3662 527 3719 adversantis
543 3680 550 3718 :
567 3663 718 3735 indisrupte
740 3675 847 3725 utamur
867 3684 925 3727 mu·
977 3667 1059 3716 ventu
1077 3677 1085 3715 ἕ
1100 3674 1154 3730 (ilffl
1168 3674 1200 3716 ³⁰
1214 3660 1262 3717 tibi
1286 3675 1350 3717 ⁹²⁸²
1372 3660 1547 3717 munimini·
1570 3662 1770 3719 ‘millenum

131 3751 241 3809 neribus
254 3751 337 3823 pacis.
351 3750 538 3824 despondetur.
556 3755 653 3810 Amen.
976 3753 1029 3811 boc
1050 3752 1100 3810 tibi
1122 3753 1242 3811 oblatum
1257 3753 1410 3812 sanctidces
1433 3754 1633 3811 holocaustum.
1648 3755 1770 3811 Prestant

168 3840 277 3898 inlatio.
301 3842 414 3915 Dignum
433 3852 463 3903 et
483 3843 583 3916 lustum
602 3854 645 3903 est
669 3864 676 3900 :
701 3860 800 3920 equum
814 3863 878 3907 rere
899 3860 926 3909 er
975 3845 1141 3917 supplicibus
1161 3846 1240 3903 uubis
1262 3863 1269 3901 :
1293 3856 1323 3902 ut
1341 3859 1455 3917 quarum
1477 3846 1657 3902 mercimonio
1674 3846 1769 3902 dudum

132 3933 251 3990 salutare
265 3942 306 3990 est
322 3950 329 3987 :
347 3949 396 3991 nos
411 3935 457 3992 tibi
473 3936 618 3994 immensas
631 3951 711 4010 agero
728 3941 827 4013 gratias
839 3942 926 3998 omni·
976 3937 1083 3993 saciasti
1104 3936 1222 4007 inopiam
1244 3953 1251 3991 :
1277 3950 1423 4009 pauperum
1445 3937 1540 3994 barum
1556 3952 1638 4010 prece
1655 3947 1715 3994 rata
1727 3935 1769 3993 tibi

131 4032 229 4098 potens
249 4023 367 4082 Trinitas
390 4025 469 4083 Deus.
485 4026 535 4095 Qui
559 4028 692 4101 Martyres
708 4036 767 4086 tuas
780 4029 883 4088 lustam
898 4040 927 4090 et
976 4028 1148 4088 ιῐίιιιιιιοιι
1165 4028 1285 4087 fidelium
1300 4030 1471 4100 populorum.

132 4115 279 4174 Rudoam:
299 4118 399 4175 uictum
409 4118 461 4175 sibi
472 4119 546 4176 dctili
557 4120 720 4177 commercio
733 4122 924 4193 requirentes:
1019 4121 1055 4190 ti.
1072 4123 1170 4178 buren.

136 4209 287 4270 bnefandis
306 4213 439 4270 idolorum
464 4216 640 4272 noostruosls
664 4215 875 4288 dissipatisque:
897 4217 925 4274 in
1012 4210 1095 4284 3st
1109 4211 1149 4265 td
1163 4213 1304 4265 orationem
1319 4205 1490 4266 ilosunlcsnt.

134 4305 264 4364 bonorem
277 4308 404 4364 vanitatis
413 4306 504 4364 oderri
513 4307 566 4364 sibi
579 4310 716 4379 proposita
727 4309 923 4380 perurgebant:
1013 4302 1066 4359 Fac
1079 4308 1228 4358 uoseterne
1237 4299 1308 4357 licus
1322 4308 1370 4356 :ut
1380 4300 1565 4370 unusquisque
1574 4307 1717 4356 rostrum:
1732 4310 1768 4355 rat

132 4412 167 4453 eo
180 4412 264 4468 usque
274 4397 307 4453 ad
318 4398 577 4454 consummationem
586 4399 707 4470 martyrii
718 4398 881 4471 perduxisti:
896 4409 925 4457 ut
976 4410 1056 4453 suum
1079 4394 1107 4451 io
1132 4394 1235 4451 bonore
1255 4404 1284 4451 et
1305 4392 1517 4450 sanctitcatione
1539 4393 1708 4463 possideat:
1730 4391 1769 4464 qui

133 4489 205 4544 nulla
216 4487 483 4545 insultantiscaterve
492 4490 654 4560 procacitate
667 4490 789 4546 turbate:
801 4490 926 4561 nullaque
938 4459 968 4524 D
982 4486 1104 4560 Virgines
1119 4497 1179 4545 tuas
1191 4488 1295 4544 lustum
1309 4495 1338 4545 et
1352 4486 1476 4543 liulinarn
1487 4501 1522 4542 ex
1535 4495 1633 4557 questu
1651 4487 1769 4543 betilium

133 4579 282 4637 insectantis
297 4589 310 4620 ι
325 4579 451 4650 principis
475 4579 614 4637 ferocitate
636 4580 738 4639 mollite
763 4598 770 4637 :
791 4591 927 4652 postremo
959 4580 1151 4639 'uasculorum
1173 4579 1307 4652 passionis
1332 4577 1478 4651 perduxisti
1500 4578 1535 4633 ad
1560 4578 1674 4650 gloriam
1696 4597 1704 4634 :
1723 4592 1771 4650 quo

133 4684 184 4726 nec
206 4668 271 4741 ipsis
295 4684 423 4740 penarum
446 4670 631 4727 atrocitatibus
654 4671 738 4729 iracte
759 4688 766 4726 r
788 4681 815 4728 te
833 4686 926 4729 rerunt
979 4671 1131 4730 emundatis
1145 4669 1316 4729 conscientiis
1339 4669 1374 4728 ud
1391 4680 1418 4728 te
1436 4668 1665 4740 wodaneutose
1686 4672 1769 4728 tersis

135 4763 219 4816 iteum
235 4763 339 4831 integra
353 4760 522 4818 conlacione
544 4761 684 4818 clamando
697 4760 780 4819 intuta
795 4762 927 4834 passionis
980 4761 1061 4820 Pater
1070 4772 1172 4818 noster.

132 4861 226 4909 ornate
242 4869 249 4906 :
265 4851 356 4924 regnis
378 4851 522 4909 celestibus
536 4851 723 4925 jungerentur.
746 4853 871 4927 llagnum
884 4865 926 4915 est
1018 4855 1093 4912 dicut
1112 4852 1204 4911 Preti.
1218 4853 1360 4910 liumiliate
1373 4867 1421 4910 sos
1442 4851 1635 4910 benedictioni.
1647 4852 1773 4909 [termissus

133 4940 234 5013 itaque,
245 4948 307 4998 ante
330 4941 481 5013 pessioocrn
498 4942 657 5000 miraculum
674 4944 729 5016 iam
742 4946 925 5015 premissum:
979 4947 1015 5003 sit
1028 4959 1135 5014 semper
1144 4942 1291 5001 ιιιίιιιιιι.
1314 4943 1352 5014 ri.
1367 4943 1400 4999 Et
1414 4956 1475 5000 curo
1486 4942 1592 5014 spiritu.

133 5031 325 5104 trangebmtur
348 5033 439 5105 itaque
462 5047 528 5091 rusa
540 5035 631 5092 lictilia
652 5037 737 5107 :qnia
755 5038 863 5095 celestia
878 5053 926 5111 per
1014 5035 1172 5092 Benedictio.
1194 5034 1318 5092 cbristus
1330 5036 1458 5092 llonrinus
1480 5051 1530 5093 ros
1542 5037 1592 5093 sibi
1607 5034 1774 5108 placitaeili·

134 5127 287 5195 passionem
304 5123 465 5198 parabantur
478 5128 613 5186 immutari
628 5129 775 5198 liertprum
794 5131 924 5188 membra.
979 5129 1111 5185 ciatrssa
1133 5145 1139 5181 :
1160 5127 1205 5198 qul
1224 5126 1327 5183 imon
1349 5133 1378 5183 et
1400 5127 1524 5184 bellnam
1547 5126 1599 5184 sibi
1611 5125 1698 5183 edicit
1715 5139 1776 5186 rasa

135 5214 193 5273 lion
209 5216 259 5274 init
275 5221 421 5289 temporale
435 5220 625 5276 commercium
643 5236 649 5273 :
665 5218 713 5275 sed
729 5217 827 5275 Christi
842 5234 925 5292 nego·
979 5219 1166 5276 mundissima.
1194 5217 1234 5288 ri.
1253 5219 1350 5274 buren.
1362 5217 1467 5291 Quique
1480 5218 1540 5276 illas
1553 5233 1608 5276 sou
1619 5232 1718 5291 pssstn
1734 5226 1777 5275 est

136 5308 201 5366 tiusu
216 5325 265 5382 per
276 5310 348 5383 quod
363 5320 472 5382 possent
483 5326 574 5368 emere
583 5319 675 5367 sancte
685 5309 814 5383 ttartgres
826 5310 926 5369 celum.
980 5310 1015 5369 de
1026 5310 1148 5368 iletiiium
1163 5310 1332 5366 vasculorum
1347 5310 1476 5369 tructione
1496 5309 1598 5370 usuri
1617 5323 1776 5383 ιιιιιιιιιιιι

174 5493 187 5520 ·
198 5483 331 5542 Eoincrrti.
345 5487 417 5562 Lege
432 5489 539 5544 evicisti.
920 5518 922 5522 »
1020 5500 1030 5528 r
1048 5483 1189 5553 Principia.
1204 5483 1296 5552 Forte,
1313 5487 1443 5557 presidis.

173 5551 187 5590 b
202 5554 341 5627 Nefandis.
356 5558 436 5615 Forte
455 5558 586 5628 (retondis
600 5557 728 5611 idolorm
742 5559 863 5613 monstris
874 5559 929 5613 dis·
1017 5559 1030 5596 ⁶
1048 5557 1127 5613 Perre.
1140 5557 1210 5624 Lege
1224 5571 1315 5626 poste.

137 5623 237 5688 riputis,
252 5640 310 5678 cum
323 5629 351 5680 in
378 5628 499 5682 ιιιιιιιιι
518 5628 639 5682 ιιιίιιιιι
652 5626 746 5696 offerre
761 5628 851 5699 stipem
864 5643 928 5701 pro·
1018 5627 1185 5682 ‘Genescsu
1200 5624 1270 5697 Lege
1283 5626 1415 5700 gestisset.

139 5703 226 5762 posito
242 5708 321 5768 ptrue
335 5696 549 5768 prmrgeiontsr)
563 5713 594 5754 eo
610 5714 700 5771 seque,
714 5705 768 5754 etc.
1020 5691 1030 5734 ¹
1046 5694 1092 5754 Se.
1107 5695 1176 5768 Lege
1186 5704 1220 5756 te.
1308 5744 1311 5749 .
