3794 6106
124 256 175 325 ⁰5⁰

478 264 623 321 tttssale.
645 265 780 322 ottatdot
801 262 873 321 SEC.
897 263 976 319 testi.
999 268 1026 320 ll.
1049 264 1184 322 isloout.
1205 284 1240 309 -a
1259 266 1346 323 PARS
1367 262 1399 324 Η.

1706 269 1757 326 tissd

123 383 264 449 despectos
279 377 320 433 soi
336 376 393 445 ipse
410 385 482 431 esset
498 376 597 432 arbiter
614 394 620 430 τ
637 377 681 448 otti
697 377 819 432 minister
835 395 842 431 :
857 378 914 448 ipse
929 374 954 435 Λ
967 376 1046 445 digna
1060 377 1197 431 consortio
1214 394 1219 431 :
1238 392 1290 447 que
1312 378 1435 444 pertinax
1454 376 1513 430 tulit
1538 376 1697 445 supplicium
1714 383 1760 437 :ei

123 473 200 527 testis
215 470 290 525 lieret
307 486 313 521 :
330 468 375 538 qui
388 468 506 522 satelles.
535 467 655 538 illudque
677 468 824 523 concilium
849 483 917 522 san-

123 576 196 618 ctout
218 552 362 616 utiParctor
379 579 385 614 :
401 575 448 628 per
473 559 543 629 qood
572 575 736 629 persequens
759 560 915 613 minaretur.

125 655 237 710 Videbat
251 668 365 723 namque
378 652 432 706 alto
446 651 594 707 defossatas
616 654 641 705 in
658 651 809 707 uisceribus
822 651 918 706 serbe·
949 647 952 653 '

124 761 182 800 rotu
197 745 307 801 scrobes
324 753 370 798 :et
392 747 418 797 lu
432 743 560 798 sevientis
575 743 706 813 supplicio
722 743 844 798 lerleotis
859 758 917 796 uta·

124 855 186 894 num
201 839 259 907 plus
280 837 399 893 volueris
421 837 541 891 iureuire
557 853 563 888 :
581 851 661 906 quant
683 835 815 905 corporis.
829 835 918 890 Nuda·

123 946 175 1000 que
190 943 250 983 ossa
266 943 319 981 non
333 927 388 997 lant
403 942 511 981 carnem
526 926 625 980 ictibus
639 927 754 995 probare
769 943 775 979 τ
792 926 839 981 sed
856 940 918 979 sau·

124 1021 240 1089 guinem.
252 1018 398 1087 solutoque
410 1019 543 1088 rigentem
559 1016 684 1088 spiritum
702 1034 708 1070 :
726 1033 760 1072 eo
772 1018 916 1074 stulticiam

124 1112 289 1184 exprobrare
309 1113 427 1183 judicis:
451 1113 496 1180 qui
513 1111 660 1181 potentiam
686 1117 847 1181 provocaret
870 1126 919 1165 au·

124 1205 219 1262 claris.
242 1203 365 1258 Carceris
387 1210 537 1273 queruntur
560 1202 684 1275 augustie
700 1218 706 1254 :
724 1210 751 1255 et
775 1200 918 1256 obstrusus

124 1298 234 1353 omniuo
254 1299 328 1353 locus
345 1314 350 1349 :
367 1312 420 1367 qno
435 1296 623 1351 detruderetur
637 1296 757 1366 eligitur.
783 1295 840 1349 Non
860 1295 916 1364 iam

125 1392 169 1459 peti
197 1401 299 1461 pestem
324 1389 517 1457 persecutionis
532 1397 640 1458 augeret
660 1387 729 1442 :sed
745 1389 789 1457 qui
812 1386 917 1442 lotidem

124 1479 302 1535 confessionis
312 1479 497 1534 absconderet.
511 1476 631 1533 Gredeus
645 1476 716 1546 ouod
732 1489 839 1531 causam
854 1491 919 1531 con·

125 1571 249 1628 sessionis
275 1577 410 1626 auerteret
425 1588 430 1623 :
448 1572 469 1624 si
495 1582 636 1639 personam
653 1570 699 1639 qui
722 1584 753 1626 ss
777 1576 920 1638 spreverat

124 1662 285 1718 absentaret.
302 1663 441 1731 Minusque
456 1662 583 1716 llatianus
596 1662 766 1717 erubesceret
784 1678 790 1714 :
811 1662 833 1715 si
851 1661 916 1715 llio·

968 467 1082 523 mendax
1096 466 1144 521 luit
1158 468 1327 538 obseouium.
1349 467 1384 522 Et
1400 482 1451 539 qoe
1475 467 1524 522 tuit
1539 477 1667 523 cotttcttta
1689 474 1759 541 quoii

970 563 1067 615 ioreret
1080 577 1086 612 ε
1098 563 1150 616 boc
1160 563 1195 616 sit
1206 562 1348 633 dedignata
1362 562 1432 630 ottod
1447 571 1579 631 parceret.
1588 563 1634 619 Sic
1647 566 1760 622 redeuu-

970 663 1021 706 tem
1044 651 1078 705 ad
1097 651 1240 707 Dominum
1265 666 1342 707 suum
1357 651 1465 708 celestis
1488 654 1606 723 suscepit
1620 656 1682 710 aola
1698 657 1761 714 lio-

968 743 1083 796 eeutium
1098 752 1146 797 :ut
1159 744 1254 798 eodem
1271 744 1298 798 iu
1313 745 1438 810 strpernis
1451 745 1637 814 penetralibus
1650 749 1706 816 iarn
1721 766 1761 807 re·

968 842 1045 901 cepto
1059 850 1066 885 ι
1085 832 1224 888 batianum
1236 848 1335 902 corpus
1348 834 1408 904 ejus
1423 835 1545 891 vinceret
1560 851 1659 907 :qoem
1674 838 1762 895 batia·

969 938 1020 979 nus
1034 924 1114 986 etiam
1139 925 1165 978 in
1183 939 1297 993 corpore
1309 940 1361 979 uon
1376 926 1494 981 vicisset.
1508 924 1656 997 Comperto
1670 930 1759 987 Sancti

970 1018 1080 1072 tranuito
1105 1017 1187 1088 :ejus
1206 1019 1256 1073 sibi
1284 1018 1414 1087 permittit
1442 1019 1582 1075 cadaueris
1610 1023 1761 1092 expiatione

969 1108 1144 1165 vindictam:
1171 1109 1246 1179 cujus
1266 1113 1350 1180 gemit
1378 1125 1409 1166 ex
1440 1111 1520 1182 295
1545 1114 1653 1169 virtutis
1677 1114 1761 1184 petle-

969 1201 1058 1255 ctione
1073 1201 1223 1256 victoriato.
1241 1202 1343 1272 Exponi
1369 1218 1475 1258 seu-esa
1499 1205 1703 1263 comedentibus
1723 1209 1762 1263 lo·

970 1309 1031 1349 rore
1049 1309 1099 1349 soo
1112 1295 1231 1350 membra
1256 1295 1403 1351 litoribus:
1418 1297 1519 1353 auibus
1526 1301 1633 1355 mandat
1647 1309 1674 1356 et
1687 1305 1761 1358 eani-

970 1385 1030 1443 bus.
1048 1385 1081 1442 llt
1093 1388 1137 1442 tali
1154 1395 1230 1457 pasto
1242 1404 1335 1444 eorum
1351 1390 1474 1459 impleret
1495 1405 1615 1450 uentrem
1628 1411 1634 1447 :
1646 1409 1759 1466 quorum

969 1488 1078 1548 gereret
1099 1490 1228 1535 nteutem.
1256 1481 1302 1536 llis
1315 1490 1403 1538 tamen
1420 1486 1613 1550 parcentibus:
1629 1487 1676 1544 ille
1689 1490 1758 1544 clete

969 1568 1043 1622 rior:
1059 1577 1089 1623 ut
1102 1571 1197 1640 tttajori
1214 1572 1371 1627 meritorum
1396 1575 1525 1631 moacttlo
1539 1592 1633 1633 eorum
1649 1594 1761 1634 conso·-

971 1662 1035 1717 tutlo
1050 1673 1200 1719 mutaretur
1217 1682 1223 1717 :
1239 1679 1353 1735 quorum
1371 1678 1462 1721 natura
1483 1683 1535 1724 non
1550 1669 1663 1725 tollitur.
1680 1671 1759 1727 liitti-

64 1827 65 1830 ,
123 1756 240 1812 centium
254 1756 365 1825 populos
387 1770 440 1808 non
465 1754 577 1808 uideret.
600 1753 718 1808 Contoss
739 1752 917 1834 substernunt·
934 1727 957 1787 B
972 1763 1015 1808 tor
1033 1751 1046 1790 b
1069 1757 1125 1810 avis
1138 1756 1300 1825 generaliter
1312 1755 1456 1813 inhumatis
1470 1759 1576 1816 inimica
1590 1762 1759 1830 corporibus:

124 1857 185 1900 tor:
201 1857 269 1901 teste
282 1864 287 1898 :
301 1862 355 1916 quo
367 1846 454 1914 iaceat
466 1862 472 1896 ι
486 1858 598 1913 quarum
612 1842 645 1897 ad
657 1842 807 1897 nocendum
824 1850 917 1897 natura
969 1859 1023 1914 oue
1038 1857 1072 1901 eo
1089 1857 1266 1917 persequatur
1282 1847 1403 1918 improba
1418 1864 1471 1919 tpuo
1485 1851 1583 1906 alatur.
1605 1851 1658 1907 Sed
1672 1867 1726 1920 ooo
1737 1854 1762 1909 itt

124 1940 186 1995 lonc
199 1940 325 1995 aetritor:
349 1939 372 1992 si
394 1938 538 2004 lrattgator.
564 1936 598 1991 ιιι
611 1936 712 1992 reddita
726 1935 846 1990 membra
863 1945 918 1990 tor·
969 1934 1074 1990 laudem
1089 1937 1134 1992 ilci
1150 1946 1284 1994 cresceret
1297 1938 1409 2008 gratiam
1427 1940 1572 1996 uictoribus
1593 1943 1759 2013 rependens:

125 2038 221 2088 tutertt'rs
232 2049 262 2089 ea
275 2017 439 2088 sustinerent
450 2031 596 2100 imgotina:
613 2043 665 2101 oue
675 2039 799 2085 secarent
814 2048 820 2084 :
836 2041 918 2100 atoue
969 2027 1117 2096 prohibitas
1141 2030 1254 2099 appositi
1276 2032 1397 2101 corporis
1412 2031 1494 2102 dapes
1505 2032 1598 2103 jejuna
1622 2045 1760 2091 seruaret:

125 2123 152 2178 lu
167 2125 220 2179 eim
238 2138 267 2179 se
278 2123 410 2179 acotttinis
424 2121 494 2176 mole
509 2136 555 2176 soa
569 2120 744 2191 superjacens
758 2136 855 2190 corpus
869 2137 916 2175 ur·
967 2132 999 2174 ae
1015 2134 1048 2174 ne
1061 2121 1112 2175 boo
1123 2122 1199 2191 quasi
1212 2132 1301 2190 spreta
1318 2121 1447 2179 iecisset:
1462 2138 1514 2179 non
1528 2126 1616 2181 solum
1631 2140 1683 2182 uon
1699 2141 1763 2182 eeu·

125 2226 200 2286 geret
224 2234 230 2270 :
255 2215 301 2270 sed
321 2214 420 2269 lallitnr
441 2212 534 2283 judicii
550 2213 590 2267 sui
606 2212 733 2282 opinione
760 2211 916 2267 crudelitas.
969 2210 1086 2280 rigeret:
1109 2211 1157 2265 secl
1179 2222 1291 2267 vetaret.
1314 2214 1354 2269 Eo
1369 2214 1493 2269 nimirum
1508 2215 1760 2272 obtineuslliuceo·

126 2306 218 2360 1ιιτττι
234 2304 361 2375 majestas
376 2314 420 2358 toa
443 2302 540 2358 lamolo
560 2318 609 2357 suo
631 2305 745 2372 amplios
766 2307 792 2357 in
808 2300 916 2358 conies·
969 2300 1021 2359 tius
1038 2313 1194 2373 prestante:
1210 2320 1244 2361 ue
1260 2305 1384 2361 comedat
1400 2323 1405 2358 :
1423 2322 1477 2376 quo
1498 2307 1596 2380 llelyas
1610 2310 1709 2364 meruit
1721 2323 1764 2364 so·

126 2398 202 2452 sione
218 2396 342 2451 comitata
362 2393 464 2449 :inlert
485 2409 579 2448 novam
595 2395 730 2449 veteribus
745 2394 863 2450 tenebris
878 2394 916 2448 lo·
967 2396 1072 2462 eripere
1089 2397 1288 2452 transmittente
1315 2398 1385 2468 quod
1408 2397 1540 2454 comedat.
1568 2399 1645 2455 llaod
1669 2399 1762 2471 procul

124 2503 182 2545 cem
196 2507 202 2541 :
218 2498 246 2543 et
260 2487 461 2543 tabernaculum
475 2486 525 2541 sibi
542 2503 547 2538 :
565 2486 643 2541 amici
654 2486 694 2541 soi
709 2484 825 2542 reddidit
836 2501 916 2557 erga·
967 2502 1032 2542 aura
1056 2491 1178 2559 corporis
1204 2491 1281 2560 lupos
1303 2491 1421 2546 cadauer
1434 2493 1562 2548 odoratur
1584 2511 1591 2545 ι
1615 2495 1687 2565 qood
1701 2508 1761 2550 curu

127 2588 234 2643 stolum.
248 2585 333 2640 Fovet
346 2584 449 2640 laceros
463 2595 535 2639 artus
549 2603 556 2638 :
570 2583 688 2639 medicat
701 2582 746 2639 lici
763 2598 856 2638 manos
870 2600 876 2636 :
889 2591 916 2637 et
966 2581 1020 2651 latu
1043 2581 1112 2638 lorte
1134 2583 1289 2654 contiguum
1312 2583 1432 2639 excubiis
1454 2585 1511 2640 aris
1533 2584 1650 2641 discreta
1675 2594 1763 2642 rostro

123 2682 156 2735 ol
169 2679 351 2734 venustiorem
377 2677 537 2732 soliditatem
562 2677 691 2748 suppletis
707 2676 842 2746 plagarum
858 2675 915 2730 ios·
967 2673 1048 2745 pinno
1065 2678 1194 2748 truguibos
1211 2689 1410 2750 retroageret:
1426 2678 1519 2735 iacietu
1535 2678 1684 2753 ingruentis
1701 2694 1762 2735 rer·

126 2772 165 2826 sls
181 2771 248 2824 ulra
264 2769 375 2824 laterum
389 2771 484 2823 tlamna
504 2779 660 2838 compensat
675 2768 779 2823 insolita
797 2768 863 2823 tanti
876 2768 915 2822 lu·
967 2768 1053 2826 berat.
1074 2769 1162 2824 siccas
1185 2770 1240 2825 iere
1255 2770 1346 2825 iattoes
1362 2772 1448 2841 posite
1464 2780 1600 2828 retorsere
1623 2773 1759 2829 cervices:

125 2864 203 2919 minis
218 2863 359 2918 claritate:
377 2863 492 2931 perculsi
517 2863 679 2930 obstupuere
703 2861 839 2917 ettstodes.
856 2861 911 2915 llo·
967 2866 994 2911 et
1016 2857 1126 2913 ree-idon
1147 2868 1207 2927 post
1227 2872 1328 2930 teagum
1352 2862 1439 2932 capite
1458 2862 1612 2932 jacentibus
1638 2863 1664 2916 itt
1690 2862 1761 2918 eollo

123 2973 182 3012 cern
196 2957 321 3029 hymnam
331 2954 496 3012 concinentis
506 2970 582 3010 meus
597 2954 677 3024 palidi
690 2954 816 3026 janitoris
830 2970 915 3023 expa—
968 2948 1076 3003 auribus
1091 2961 1232 3004 mansueto
1245 2950 1348 3008 lumine
1363 2953 1463 3008 strictis
1477 2953 1603 3008 dentibus
1617 2953 1702 3008 rictus
1717 2968 1760 3008 te·

122 3049 280 3105 rit:currit
302 3046 435 3104 exanimis
459 3057 531 3103 metu
561 3046 682 3102 minister
704 3046 736 3101 ad
763 3042 912 3116 presidem:
969 3049 1066 3108 portat.
1091 3040 1118 3095 ld
1144 3041 1170 3096 in
1195 3043 1396 3099 similitudinem
1422 3044 1565 3113 penitentis
1586 3061 1593 3096 ε
1614 3045 1762 3101 osteudens

124 3140 231 3209 [iratius
253 3138 400 3196 reverentis
423 3139 520 3195 gelatio
544 3137 636 3193 nuncii
652 3152 810 3207 percussura
833 3153 913 3208 quam
969 3131 1041 3199 qlloti
1061 3133 1206 3199 spectaculi
1221 3135 1339 3189 auxisset
1350 3148 1472 3204 pompam
1488 3150 1541 3190 tlon
1554 3136 1662 3204 corpori
1682 3135 1761 3190 letifi-

123 3232 213 3302 gladii,
228 3232 295 3286 Cum
313 3245 364 3288 nge,
378 3240 470 3302 posset
493 3246 525 3287 01
540 3231 725 3303 magniupding
745 3230 784 3287 [εἰ
810 3240 914 3286 tacere:
968 3220 1155 3290 delinjul'ialn.
1172 3224 1390 3279 Vicitllatianom
1406 3227 1484 3280 elilim
1501 3225 1760 3282 belluointelleclu:

122 3323 193 3392 qnod
206 3323 308 3379 prdem
322 3341 328 3376 :
342 3332 369 3378 gg
382 3339 434 3377 non
457 3323 691 3379 agpgfggpomjno
715 3323 826 3379 picem
844 3322 915 3393 qugd
968 3323 1029 3363 cum
1049 3310 1074 3364 in
1097 3311 1208 3367 Datiano
1227 3314 1341 3369 beluato
1358 3314 1514 3370 Vincentius
1530 3314 1637 3370 uicisset
1655 3317 1712 3385 spir
1722 3323 1759 3370 lu.

124 3416 240 3471 uolebat.
259 3417 318 3471 llox
339 3416 365 3470 in
380 3431 505 3472 sermone
518 3418 651 3471 narrantis
667 3426 769 3472 tremor
784 3425 914 3486 occupat:
970 3402 1144 3472 Οῑῐΰιιιιιῖῑθ118
1165 3405 1370 3461 sll⁰s0¹⁵1l¹¹1²
1388 3408 1496 3463 liiidie
1514 3422 1612 3463 mlius
1637 3409 1762 3477 obsequi·

126 3510 205 3565 dolor
219 3512 317 3564 lacerat
339 3527 345 3562 :
366 3508 439 3564 iuror
454 3508 611 3565 inflammat.
625 3509 717 3562 biortis
730 3524 796 3575 pena
811 3509 917 3564 subtra-
969 3512 1031 3557 tor:
1048 3502 1125 3569 lupus
1141 3511 1283 3557 teneratur
1300 3520 1306 3556 :
1324 3502 1451 3556 betianus
1467 3503 1600 3558 irascitur.
1620 3500 1661 3556 Ad
1676 3517 1761 3557 oceo·

126 3603 217 3658 bitur:
240 3602 282 3656 cul
299 3615 393 3669 potupa
417 3601 532 3655 carceris
556 3599 697 3654 invidetur.
722 3599 833 3654 Prolana
850 3599 917 3654 inle-
968 3593 1075 3650 lentiam
1088 3594 1169 3663 igitur
1183 3595 1241 3660 ejus
1258 3594 1362 3649 laudem
1377 3608 1428 3647 oon
1441 3592 1497 3664 jam
1511 3602 1644 3649 secretum
1654 3594 1737 3664 elegit
1753 3612 1760 3647 :

124 3692 199 3745 reum
222 3689 311 3745 exiutas
342 3690 568 3757 complementum
598 3688 737 3756 suspendit
769 3688 913 3744 industria:
967 3685 1450 3758 sedprolutrdum.Credeossibiad
1471 3685 1764 3742 delitesccodmnllar·

124 3798 177 3836 nou
191 3782 284 3836 voleus
301 3795 408 3848 parcere
424 3781 445 3835 si
458 3781 591 3837 desistat:
609 3782 654 3836 sed
670 3783 767 3837 titncus
784 3797 916 3837 coronare
968 3780 1033 3852 tyris
1052 3780 1164 3850 gloriam
1181 3795 1188 3835 :
1205 3794 1257 3831 ttoo
1276 3779 1329 3846 iam
1346 3779 1463 3834 claustra
1488 3778 1567 3832 ltdem
1592 3787 1759 3833 servatura:

123 3872 145 3926 si
171 3872 285 3941 puniat:
306 3873 441 3941 pro¹ertur
462 3889 494 3928 er
519 3874 564 3928 illo
588 3873 696 3929 celestis
716 3884 801 3942 graue
823 3889 914 3929 seeum

123 3974 204 4034 atque
229 3964 255 4018 iu
276 3977 382 4020 secreto
406 3964 550 4020 habitantis
573 3980 681 4020 recessu
699 3985 705 4020 :
722 3974 751 4021 et
763 3966 879 4036 pulcrior
892 3969 915 4020 si

124 4057 211 4111 adltoc
230 4058 267 4112 sit
282 4072 408 4126 passuros
425 4074 432 4109 :
447 4066 475 4113 et
494 4057 600 4113 [ortior.
624 4057 677 4114 Sed
693 4057 737 4112 obi
752 4057 915 4112 desiderium

967 3871 1014 3926 sed
1033 3873 1127 3924 maria.
1144 3869 1225 3936 Qtrasi
1238 3880 1267 3925 te
1281 3868 1395 3925 Domine
1410 3868 1543 3924 elementa
1567 3868 1762 3938 protuberent:

968 3962 1012 4017 cni
1027 3961 1115 4016 abdita
1131 3961 1287 4025 patuissent.
1307 3959 1411 4014 Etcum
1428 3959 1472 4014 illa
1484 3973 1535 4028 que
1551 3959 1609 4026 ipse
1622 3958 1765 4013 obstruxe-

967 4065 1007 4108 rat
1022 4063 1194 4123 penetrasses
1209 4070 1215 4105 :
1230 4049 1281 4105 ista
1303 4065 1355 4121 que
1372 4060 1398 4105 to
1415 4049 1576 4105 laudaveras
1590 4063 1643 4103 nou
1663 4047 1763 4103 adires.

124 4147 174 4202 uiri
188 4147 221 4201 ad
238 4163 348 4217 regnum
364 4150 411 4205 Dei
427 4150 515 4205 annue
528 4151 663 4205 oblatione
689 4149 824 4205 tendentis
840 4151 916 4205 intel·
968 4151 1051 4206 Datur
1065 4150 1153 4203 tratetis
1178 4147 1351 4217 tuce-gendum
1367 4161 1464 4213 carpto
1479 4145 1506 4199 iu
1521 4145 1648 4199 lluctibus
1662 4161 1669 4196 :
1685 4152 1717 4198 ut
1738 4141 1764 4195 io

125 4238 181 4309 ligit
195 4256 202 4292 :
223 4238 273 4294 ltnc
287 4240 483 4297 detrabendum
505 4242 607 4298 meritis
620 4241 744 4296 eredidit.
768 4241 843 4308 Quod
858 4253 915 4296 tor·
967 4243 1092 4296 attxiliont
1107 4256 1185 4295 suum
1199 4255 1297 4306 contexta
1311 4240 1470 4308 perlucerent
1483 4256 1489 4291 :
1501 4238 1544 4292 cui
1555 4237 1588 4292 ad
1603 4238 1764 4293 uincendum

124 4331 220 4386 mentis
234 4346 340 4400 ottoque
352 4332 457 4386 titulum
474 4334 645 4388 contraheret
661 4332 746 4387 laudis
761 4331 802 4387 :si
824 4347 917 4387 nome·
967 4333 1078 4388 utilitem
1093 4343 1167 4387 tuom
1183 4339 1254 4386 screa
1266 4331 1411 4386 deiecerat.
1427 4341 1438 4369 ι
1453 4331 1622 4399 l‘rojieiture
1635 4329 1765 4401 navigatis

124 4433 183 4472 rum
199 4417 330 4475 incideret
343 4421 502 4488 quaestionis.
524 4420 579 4476 Nec
592 4429 692 4477 tantam
709 4427 821 4495 gzorian
832 4424 914 4495 justi·
929 4453 956 4514 D
970 4439 1064 4494 magua
1076 4424 1137 4478 lteri
1153 4432 1229 4492 parete
1242 4423 1393 4478 feruoribus
1411 4439 1489 4477 :eunt
1500 4434 1527 4478 et
1538 4439 1617 4479 sacco
1629 4438 1765 4493 premere-

123 4509 165 4563 cia
180 4510 302 4565 redderet
319 4528 325 4563 :
340 4511 362 4565 si
386 4512 440 4564 rita
456 4527 551 4581 penam
577 4528 629 4566 uon
656 4516 773 4571 tolleret.
798 4515 915 4572 soleatis
970 4526 1013 4570 tur
1028 4524 1056 4569 et
1078 4529 1154 4568 saro.
1168 4514 1226 4580 Qoe
1247 4514 1317 4570 iuter
1333 4515 1467 4569 terrentes
1482 4514 1567 4568 undas
1596 4523 1692 4581 potens
1707 4513 1766 4567 bra·

125 4614 172 4667 pce
186 4601 310 4669 ungulam
332 4603 415 4657 costis
434 4620 440 4654 :
458 4611 486 4657 et
508 4604 659 4671 patentibus
682 4606 804 4675 sejuncta
818 4622 914 4662 nervo-

125 4706 182 4743 rum
207 4701 279 4745 crate
301 4695 495 4762 compagibus:
521 4694 588 4749 leuis
608 4710 639 4750 ac
664 4695 811 4753 blandioris
835 4699 913 4752 strati

128 4781 211 4834 lulera
226 4784 373 4838 substituit.
392 4784 498 4838 Etcum
516 4786 630 4842 tleltcere
654 4803 714 4842 eom
738 4791 801 4846 odio
822 4802 916 4847 sancte

122 4870 302 4927 cttrtiesslonis
315 4883 423 4943 exoptet
437 4891 443 4927 :
457 4887 543 4930 tamen
559 4856 727 4935 euru'rirere
738 4880 827 4936 adltuc
842 4897 918 4936 mett·

123 4962 202 5017 dtteio
219 4979 267 5019 soe
281 4966 460 5020 miserationis
479 4964 588 5021 ittlettnel
604 4985 610 5021 :
627 4968 695 5023 acsi
721 4979 811 5023 amoto
825 4973 918 5040 paulo·

126 5057 179 5112 loru
192 5058 378 5127 modicumque
401 5061 526 5115 carutilice
543 5061 659 5116 animato
682 5061 789 5132 qutietus
810 5064 916 5119 exalet:

124 5152 229 5206 dicatur
242 5167 295 5206 uou
306 5153 412 5206 eccisus
428 5150 529 5208 luisse:
547 5155 593 5208 sed
616 5164 748 5210 mortuos.
764 5154 846 5223 Quasi
864 5172 918 5211 uon

124 5257 185 5297 eom
201 5259 269 5312 pena
282 5244 479 5313 cottsxtmpserit
497 5261 502 5296 :
521 5246 546 5298 in
561 5260 614 5313 quo
627 5254 655 5302 et
671 5261 743 5315 perta
757 5260 917 5319 cousumpta

124 5345 175 5388 est.
195 5335 300 5391 Gratias
323 5351 388 5405 ergo
410 5336 455 5390 tibi
471 5334 536 5391 lau
555 5337 645 5393 bone:
668 5338 739 5408 ottod
760 5339 848 5393 anime
873 5349 920 5396 tuo

161 5519 174 5548 ‘¹
191 5513 258 5565 Num
272 5519 391 5586 otujestos
406 5528 459 5570 tttu.
485 5517 522 5572 [lc
536 5518 633 5592 insigni
651 5521 701 5574 ltoc
717 5521 847 5574 miraculo
863 5522 920 5576 iuss

124 5582 244 5636 scribunt
264 5597 356 5638 auctor
373 5591 461 5655 passio
473 5591 506 5641 ris
521 5593 610 5645 sancti
633 5591 788 5654 l'iucemtt,
811 5601 839 5647 el
856 5594 921 5646 Prte-

124 5653 230 5708 detritis
242 5652 353 5721 (Horou.
368 5658 383 5705 d
396 5661 542 5726 decaron.)

159 5722 253 5781 latete.
267 5727 368 5782 Currus
379 5739 446 5781 eat.
460 5730 558 5782 tieoler
571 5729 743 5786 Prttdetttiom
756 5730 800 5799 (ln
813 5734 846 5805 lup
857 5734 919 5804 atrro)
933 5721 935 5724 ’

966 4606 1019 4660 citii
1034 4606 1072 4660 tui
1088 4619 1183 4659 uranus
1197 4615 1288 4659 secuta
1299 4623 1305 4658 :
1317 4605 1498 4674 ouespiritom
1512 4604 1601 4659 intulit
1615 4603 1649 4658 ad
1661 4604 1761 4666 celum,

967 4715 1066 4769 corpus
1080 4698 1176 4754 retulit
1189 4697 1222 4751 ad
1239 4697 1424 4766 sepulcltxuto.
1437 4698 1494 4752 tlte
1509 4707 1534 4751 te
1546 4697 1572 4750 iu
1587 4697 1717 4766 preconio
1730 4697 1765 4749 tei

968 4791 1078 4847 uictoris
1101 4791 1237 4845 addente:
1257 4791 1328 4858 quod
1355 4792 1466 4845 allatum
1496 4792 1521 4844 iu
1547 4790 1631 4844 altum
1660 4803 1766 4843 mersus

968 4893 1129 4953 emergeret.
1147 4884 1177 4938 lit
1194 4884 1353 4939 laudabilius
1368 4900 1474 4938 stu-suto
1487 4883 1646 4939 ascenderet
1662 4901 1669 4937 ε
1686 4896 1765 4953 qoam

969 4979 1096 5033 deorsum
1113 4977 1228 5046 autplius
1244 4977 1440 5031 descendisset.
1469 4976 1522 5033 Sed
1538 4993 1590 5030 noo
1606 4974 1633 5029 in
1659 4977 1765 5044 longum

970 5071 1048 5123 estin
1076 5069 1209 5124 submersi
1239 5084 1311 5123 mora
1343 5071 1422 5124 letata
1449 5070 1586 5141 gentilitas
1611 5087 1619 5121 ε
1644 5060 1780 5138 protinus*

970 5159 1058 5228 ejecto
1074 5159 1100 5212 iu
1118 5159 1205 5214 litoris
1226 5159 1316 5227 quiete
1331 5159 1474 5214 l'iuccutio
1491 5178 1496 5212 :
1513 5158 1693 5213 insultationis
1720 5171 1768 5211 sue

973 5267 1049 5323 passa
1064 5253 1230 5323 nauitagium
1248 5252 1312 5307 tidil
1334 5269 1387 5306 nun
1403 5254 1513 5321 predam
1538 5252 1663 5307 ductibus
1676 5266 1708 5305 sc
1723 5250 1769 5304 dc·

972 5346 1075 5401 disse:
1106 5346 1153 5400 scd
1180 5344 1312 5399 sarcinam
1336 5344 1470 5414 disposuit
1494 5343 1602 5398 siucero
1625 5341 1768 5396 uutndnm.

973 5534 1001 5581 et
1015 5525 1078 5579 ‚leto
1092 5527 1224 5592 ‚tassionis
1237 5526 1320 5581 sattcti
1338 5525 1482 5583 vincentii.

1011 5606 1022 5632 ⁶
1046 5595 1198 5667 l'rtp'ieitur.
1224 5596 1323 5652 Ctorler
1348 5597 1516 5664 Passiortetn,
1547 5592 1723 5651 l‘rtulentioto
1745 5604 1772 5648 et

974 5678 1094 5719 sattelttut
1121 5668 1296 5734 ttttgusiruuu
1328 5666 1504 5737 (saman,
1521 5668 1585 5738 atti,
1607 5676 1626 5717 ι.
1648 5664 1699 5732 i'),
1725 5666 1773 5720 triti

979 5736 1135 5793 l'iuccotior
1148 5749 1270 5794 tuortour
1284 5738 1367 5794 maria
1384 5749 1566 5796 mensurasse
1577 5737 1686 5791 dicitur.
