3794 6106
124 227 176 284 ess
489 221 636 280 nemrot
655 221 790 278 xrrxruu
808 218 884 276 sec.
906 217 986 275 nec.
1006 219 1038 275 n.
1058 209 1349 279 rsroonr.''-.enns
1368 203 1390 278 r]
1694 220 1749 276 eat

123 340 294 414 corrnrnptnt
305 348 377 396 auat.
394 337 532 393 ·uomtne
546 336 607 406 quis
616 336 731 392 credidit
742 335 843 390 anditul
859 347 906 387 uo·
921 333 1090 395 ddederunt
1103 351 1147 392 me
1160 336 1236 392 rituli
1250 337 1325 395 multl
1339 355 1344 392 :
1365 334 1434 391 touri
1456 334 1566 406 pingues
1585 336 1749 399 olrselcrmn

123 445 180 489 stro
195 430 383 488 :etbracbium
399 424 504 481 bomini
518 425 561 481 cui
574 425 721 481 revelatum
741 424 800 480 enti
815 423 847 478 Et
866 437 909 477 as·
960 437 1014 478 me.
1035 425 1071 494 7.
1086 425 1287 496 bperuemntio
1299 441 1342 482 me
1353 441 1471 480 ossuum
1490 426 1559 481 slcut
1578 426 1621 482 leo
1641 430 1750 496 rapiens

123 523 218 578 cendet
229 520 299 574 sicut
307 515 448 586 virgultum
457 527 548 568 coram
561 529 615 568 eo:
640 522 669 569 et
685 515 755 569 sicut
777 511 852 569 radix
874 510 910 567 de
960 523 988 570 et
1001 514 1119 587 rugiens.
1141 514 1266 587 micet
1278 531 1346 587 aqua
1361 518 1461 573 ellusns
1481 533 1540 572 suro
1555 536 1561 573 :
1578 529 1606 573 et
1623 518 1749 590 dispersa

124 619 194 666 terra
209 605 317 663 sitienti.
339 605 396 659 lton
407 611 447 659 eat
462 603 565 672 species
575 603 623 658 ei:
639 618 688 658 nee
702 602 794 658 decor.
819 601 854 657 iit
871 599 911 656 st·
960 612 1023 658 aunt
1034 605 1123 659 omnia
1137 619 1196 661 ossa
1211 620 1280 661 mea.
1292 604 1516 661 deterrerentur.
1529 601 1672 663 Silentium
1684 609 1750 665 loei-

124 701 213 755 diurna
224 712 285 754 eum
299 713 306 751 ε
320 705 348 752 et
358 709 410 751 non
422 702 481 750 orat
491 702 637 763 aspectus:
657 703 686 749 et
699 693 911 751 desideravimus
961 699 998 746 te.
1019 689 1058 760 p.
1073 690 1183 748 Factum
1197 702 1240 749 est
1250 708 1395 748 cormeum
1414 704 1546 762 tamquam
1564 711 1625 752 cera
1649 695 1749 769 liques·

123 805 185 845 eurn
199 789 409 858 despectumzet
423 783 739 850 notissimumrirornm.
759 783 850 838 Virum
861 782 911 840 do-
960 796 1025 838 ceus
1040 782 1066 837 in
1087 783 1175 840 medio
1194 785 1296 840 uentris
1315 786 1378 840 mei.
1406 787 1444 855 p.
1462 787 1571 843 Esaruit
1589 789 1656 844 sicut
1678 800 1749 847 teste

125 882 210 937 lorum
224 891 252 936 et
275 879 404 936 scientem
419 876 600 932 irlllrmitatem
617 885 664 931 :et
676 876 752 945 qnasi
770 873 912 931 abscondi·
961 870 1048 926 rirtns
1062 887 1141 928 rnea:
1157 881 1184 929 et
1198 873 1287 944 lingua
1301 887 1360 929 mee
1370 875 1474 929 adhesit
1487 875 1606 933 lancibus
1616 879 1682 934 tucis
1700 898 1706 934 :
1721 891 1750 934 et

126 980 169 1027 tus
182 971 270 1028 vultus
283 969 376 1039 ejuset
388 967 549 1037 despectus:
569 966 640 1021 narde
660 979 711 1020 nec
728 963 912 1032 reputarinms
961 959 987 1014 in
999 961 1134 1030 pulverem
1145 961 1237 1018 mortib
1244 962 1376 1021 deduxisti
1387 980 1439 1020 me.
1455 966 1750 1035 p.Quoniamcircum·

125 1072 196 1113 eum.
208 1058 275 1112 lere
288 1056 429 1126 languores
441 1064 545 1109 nostros
556 1053 613 1123 ipso
628 1053 688 1108 tulit
698 1061 739 1110 :et
749 1051 912 1106 duloresno·
960 1051 1095 1107 dederunt
1113 1067 1157 1108 me
1170 1068 1250 1109 canes
1266 1055 1340 1109 malti
1358 1074 1364 1109 :
1380 1055 1521 1112 conciliem
1542 1057 1745 1128 malignantium

125 1158 196 1203 seros
209 1147 267 1216 ipse
277 1145 401 1218 portarit
414 1145 493 1215 168
504 1142 749 1212 Etnoapntarimus
760 1154 821 1197 euro
835 1138 911 1211 quasi
961 1141 1065 1197 obsedit
1079 1156 1133 1197 me.
1150 1141 1224 1197 dicet
1239 1140 1378 1200 Presiiter.
1390 1145 1530 1202 Silentium
1543 1148 1630 1204 tacite.
1647 1151 1748 1219 §.lio

127 1235 261 1305 leprosum
277 1251 285 1287 z
300 1242 329 1288 et
343 1246 497 1302 percussum
511 1245 526 1285 a
539 1230 595 1285 ileo
614 1240 641 1285 et
655 1229 832 1284 humiliatum.
853 1228 912 1300 lpse
960 1228 1056 1284 derunt
1069 1245 1162 1285 manus
1177 1246 1250 1286 meas
1263 1241 1290 1287 et
1304 1233 1384 1302 pedes
1396 1248 1469 1289 meos
1492 1254 1498 1288 ε
1514 1237 1750 1299 dinumeraverunt

127 1336 214 1381 autem
228 1325 381 1382 vulneratus
394 1333 435 1380 est
448 1332 556 1393 propter
578 1322 729 1393 iniquitates
742 1329 848 1378 nostras
861 1339 869 1376 ε
884 1328 912 1377 et
961 1321 1052 1373 omnia
1072 1332 1132 1375 ossa
1148 1335 1217 1375 mea.
1243 1323 1281 1390 p.
1305 1321 1358 1391 lpsi
1382 1337 1446 1378 tero
1467 1327 1702 1387 consideraverunt
1722 1344 1751 1390 et

127 1418 235 1472 attritus
248 1427 289 1473 est
304 1424 412 1487 pmpter
427 1415 526 1470 scelera
551 1425 653 1470 nostra.
677 1412 817 1481 Disciplina
839 1412 912 1482 pacis
960 1417 1157 1479 conspexerunt
1166 1425 1209 1466 me
1222 1427 1228 1463 :
1242 1410 1390 1489 diviserunt
1401 1411 1452 1467 sibi
1461 1417 1616 1470 vestimentu
1630 1435 1689 1474 rnea
1704 1432 1749 1478 :et

130 1517 221 1563 nostre
230 1521 311 1577 super
322 1520 384 1561 eum
402 1516 444 1560 :et
461 1504 544 1559 litore
556 1503 614 1573 eius
624 1502 711 1558 sanati
727 1516 830 1558 suerrus.
845 1502 911 1558 0m·
961 1515 1043 1570 super
1054 1511 1155 1557 restem
1171 1517 1256 1558 meam
1270 1503 1398 1560 iniserunt
1410 1488 1521 1562 sortem.
1546 1510 1584 1578 p.
1600 1510 1639 1565 Tu
1657 1524 1747 1570 autem

128 1611 177 1652 tres
191 1611 241 1652 nos
254 1594 328 1667 qussi
343 1610 408 1650 ores
419 1595 587 1650 erravimus:
603 1594 786 1664 uuusquisque
801 1593 828 1648 in
840 1593 910 1647 riom
961 1591 1074 1648 Domine
1085 1608 1119 1648 ne
1131 1593 1297 1663 elongem-ri.¹
1309 1594 1435 1652 auxilium
1449 1609 1522 1653 tuum
1538 1614 1553 1654 a
1573 1618 1616 1656 me
1630 1621 1636 1656 :
1651 1604 1685 1661 ad
1700 1606 1749 1661 de-

131 1703 207 1745 suem
221 1687 364 1744 declinarit
378 1703 385 1739 :
397 1694 425 1740 et
438 1684 565 1739 Dominus
579 1683 666 1753 posuit
685 1682 712 1737 in
734 1696 767 1737 eo
788 1681 913 1751 irlipnitn·
931 1670 952 1730 B
965 1679 1111 1737 tensionem
1122 1697 1208 1738 meam
1224 1685 1293 1738 bens
1306 1700 1380 1742 meus
1394 1689 1506 1756 respice.
1520 1688 1592 1743 diret
1604 1688 1747 1751 Preatiter.

133 1781 300 1835 tesourniutu
310 1788 471 1832 nostrorum.
480 1773 591 1830 Oblatas
600 1782 643 1828 est
654 1773 731 1843 :quia
742 1773 799 1842 ipse
809 1771 914 1828 voluit:
964 1769 1103 1826 Silentium
1117 1771 1205 1829 lacite.
1227 1775 1265 1843 p.
1280 1775 1358 1844 Eripe
1368 1792 1383 1830 u
1392 1777 1489 1833 lramea
1503 1779 1617 1836 nrrinrarn
1639 1798 1726 1838 meam
1740 1802 1748 1839 ε

129 1880 158 1928 et
169 1869 335 1942 uonaperuit
349 1882 379 1923 os
390 1882 478 1924 suurn.
493 1867 567 1922 Sicut
580 1867 637 1920 oris
647 1864 680 1921 ad
694 1865 856 1920 occisionem
866 1863 916 1918 du·
964 1872 992 1919 et
1004 1861 1037 1920 de
1049 1878 1128 1919 mano
1141 1867 1214 1920 canis
1228 1868 1331 1921 unicam
1346 1883 1441 1924 meam.
1471 1871 1507 1939 t.
1524 1870 1616 1927 Libera
1640 1873 1751 1929 mebo-
1784 1904 1786 1908 ·

128 1969 204 2018 cetur
216 1978 222 2013 ε
234 1969 261 2016 et
273 1957 349 2030 quasi
359 1973 442 2029 agrios
452 1971 542 2011 coram
555 1956 681 2010 tondente
690 1968 720 2010 se
729 1954 913 2009 obmutescet:
964 1953 1038 2011 mine
1050 1954 1083 2008 de
1097 1968 1143 2010 ore
1155 1954 1255 2010 leonis:
1271 1963 1298 2011 et
1308 1970 1323 2009 a
1335 1958 1459 2012 cornibus
1473 1961 1636 2016 unicornium
1661 1961 1750 2018 lrumi-

130 2051 164 2104 Et
177 2065 229 2105 nou
242 2048 342 2118 aperiet
356 2061 387 2102 os
397 2061 486 2102 suum.
514 2046 551 2102 lle
573 2047 692 2115 angustia
715 2056 742 2100 et
765 2043 799 2100 de
815 2041 915 2114 judicio
966 2042 1065 2098 litatem
1081 2058 1176 2098 meam.
1201 2046 1240 2114 p.
1260 2044 1379 2100 Narrabo
1402 2062 1499 2104 nomen
1526 2060 1598 2104 tuum
1621 2049 1750 2111 iratribus

129 2140 250 2196 sublatur
264 2149 305 2195 est
321 2156 331 2196 z
345 2137 542 2210 generationem
561 2146 649 2192 autem
664 2136 722 2207 ejus
738 2136 798 2206 quis
808 2148 916 2190 enarra·
965 2135 1032 2190 meis
1048 2153 1055 2188 :
1073 2135 1099 2188 iu
1115 2136 1202 2190 medio
1217 2131 1329 2192 ecclesie
1344 2138 1456 2193 larudalm
1468 2150 1495 2195 re
1509 2139 1618 2197 Domine

130 2231 257 2301 bithuia
276 2230 409 2286 abscissus
422 2238 463 2284 est
482 2229 516 2284 do
533 2238 607 2284 ¹terra
626 2227 780 2283 virentium.
804 2226 916 2294 Propter
1000 2223 1075 2278 litem
1090 2225 1227 2281 Prerbiter.
1242 2227 1382 2282 Silentium
1398 2227 1485 2284 lacite.

130 2324 219 2381 scelus
234 2322 322 2394 populi
334 2323 386 2378 mei
410 2321 526 2392 percussi
536 2335 597 2376 eum
611 2336 619 2374 ι
634 2328 661 2375 et
671 2319 744 2374 dubit
758 2318 853 2387 impios
868 2333 915 2386 pro
965 2314 1102 2386 Sequentia
1113 2315 1226 2389 Epistole
1242 2317 1317 2372 Penii
1328 2319 1443 2390 Apostoli
1461 2321 1494 2373 ad
1509 2321 1669 2379 Clrorintlrioa
1679 2323 1720 2398 (l,
1735 2334 1749 2366 ι

128 2413 263 2484 sepultura
276 2427 344 2468 sua:
361 2421 387 2467 et
411 2410 507 2466 divites
527 2424 576 2480 pro
594 2419 681 2464 morte
698 2422 757 2462 sna.
783 2406 822 2461 do
843 2404 915 2478 quod
1259 2409 1322 2481 Cep.
1342 2410 1373 2478 V,
1393 2409 1456 2479 Vl).

127 2499 292 2571 iniquitatem
310 2514 363 2555 nou
381 2500 495 2557 lecerit:
520 2513 606 2569 neque
620 2497 698 2554 dolus
716 2497 795 2551 luerit
818 2495 844 2551 in
868 2507 916 2551 ore
1006 2496 1044 2567 ἡ.
1060 2498 1116 2553 beo
1130 2497 1237 2567 pretias.

124 2590 197 2662 ejus.
213 2591 386 2648 Etllornious
399 2592 484 2649 voluit
503 2600 642 2648 conterere
657 2604 718 2646 eum
733 2591 759 2644 in
775 2588 916 2646 infirmita·
1000 2586 1116 2642 Fratres.
1126 2585 1183 2642 Non
1207 2594 1249 2642 est
1273 2587 1340 2642 bona
1365 2588 1487 2659 gloriatio
1512 2601 1613 2647 restra.
1634 2592 1751 2652 Nescitis

128 2690 166 2737 te.
180 2680 208 2738 Si
222 2680 340 2752 posuerit
363 2696 410 2751 pro
429 2692 537 2750 peccaro
560 2680 676 2736 animam
695 2694 790 2737 suam:
815 2678 915 2735 ridebit
965 2676 1025 2748 quia
1038 2676 1169 2731 modicum
1184 2675 1342 2732 fermentum
1360 2686 1443 2734 totam
1459 2694 1571 2735 massam
1586 2686 1751 2755 corrumpit!

127 2786 219 2828 semen
233 2774 374 2842 longevum
388 2787 397 2827 ι
411 2780 438 2827 et
456 2771 578 2826 voluutas
593 2771 696 2826 bomini
710 2770 737 2826 in
752 2784 832 2826 manu
855 2768 914 2841 ejus
964 2770 1116 2840 Expurgate
1129 2778 1204 2826 retus
1227 2769 1385 2827 fermentum
1400 2791 1406 2827 :
1423 2782 1452 2830 ut
1465 2774 1524 2831 sitis
1537 2790 1605 2832 nore
1619 2791 1750 2848 consper-

126 2860 263 2933 diripetur.
280 2860 332 2916 Pro
345 2874 378 2916 eo
392 2861 463 2931 quod
476 2859 607 2916 laborarit
627 2861 717 2914 anima
733 2859 790 2930 ejus
805 2876 813 2914 r
838 2860 914 2916 ride-
963 2861 1004 2917 sio
1018 2862 1088 2917 sicut
1100 2861 1166 2916 estis
1176 2862 1266 2918 azimi.
1282 2860 1387 2920 Etenim
1405 2865 1502 2935 pascba
1517 2877 1636 2926 nostrum
1651 2869 1751 2927 immo·

126 2949 166 3006 bt
179 2960 205 3007 et
219 2951 391 3008 saturabitur.
417 2951 446 3007 ln
469 2951 582 3006 scientia
605 2965 652 3006 sua
673 2949 832 3021 justillcabit
855 2949 913 3019 ipse
963 2950 1210 3006 latusesthritus.
1226 2952 1474 3023 lunoeepnlemor,
1490 2956 1546 3014 don
1569 2958 1596 3013 iu
1617 2957 1753 3018 lennento

124 3043 211 3110 justus
224 3054 317 3097 servm
327 3055 404 3097 meus
418 3041 516 3097 multos
530 3058 537 3097 :
552 3050 580 3098 et
591 3042 743 3112 iniquitates
763 3055 856 3098 eorum
870 3042 910 3109 ip-
926 3008 949 3072 G
965 3043 1068 3099 reteri:
1091 3058 1176 3114 neque
1191 3044 1217 3100 in
1232 3042 1362 3102 termento
1377 3046 1482 3104 malicie
1495 3057 1522 3103 et
1537 3053 1657 3120 nequicie
1674 3069 1680 3105 :
1703 3052 1751 3109 ted

123 3146 156 3187 se
167 3131 290 3202 portabit.
307 3132 367 3186 ideo
380 3130 393 3170 i
407 3132 520 3202 dispersi
534 3131 621 3188 abeis
635 3132 784 3203 plurimos:
802 3130 911 3186 tortium
962 3130 989 3187 in
1003 3130 1095 3187 azimis
1105 3130 1264 3188 sinceritatis
1274 3141 1301 3188 et
1315 3132 1547 3206 tentatisseripsi
1558 3138 1633 3192 robis
1646 3138 1673 3192 ln
1687 3137 1752 3209 Epi·

124 3221 227 3279 diridet
240 3223 336 3294 spolia.
352 3223 403 3278 l‘ro
417 3221 531 3295 eoquod
545 3222 655 3278 tradidit
669 3232 785 3279 mortem
794 3221 911 3277 animam
962 3223 1029 3280 stola
1038 3242 1044 3278 :
1053 3222 1754 3298 necommisceaminilomicariis.llonitaquelornica-

125 3327 201 3370 suam
214 3325 260 3374 :ot
274 3329 334 3370 eum
346 3315 484 3370 sceleratis
496 3313 638 3383 deputatus
648 3324 703 3371 est.
720 3313 754 3369 Ει
773 3312 831 3384 ipse
848 3327 912 3382 pec·
963 3313 1011 3368 riis
1026 3312 1103 3383 burins
1117 3313 1222 3367 mnudi:
1234 3323 1278 3368 sut
1287 3314 1373 3369 araris
1382 3324 1441 3369 :aut
1454 3314 1609 3384 rapacibus:
1620 3325 1665 3371 aut
1674 3317 1753 3373 idolis

126 3413 185 3460 cata
198 3405 342 3460 multorum
353 3405 412 3459 tulit
428 3420 437 3461 s
452 3413 479 3458 et
491 3418 539 3473 pro
562 3401 805 3475 transgressoribus
827 3417 907 3473 ropr-
963 3402 1150 3459 servientibus.
1166 3401 1288 3472 Alioquin
1301 3401 1427 3458 debuerat
1441 3395 1537 3462 deboc
1553 3405 1652 3460 mnodo
1666 3409 1751 3462 exire.

127 3495 173 3550 rit.
195 3494 232 3565 xi.
248 3496 345 3552 Amen.
359 3495 455 3551 Deinde
468 3499 686 3550 orcendetcentor
702 3511 761 3550 cum
783 3495 859 3550 sociis
878 3492 913 3548 ad
963 3491 1038 3548 Nunc
1051 3502 1140 3547 autem
1151 3489 1244 3559 scripsi
1261 3491 1335 3547 rrrbis
1350 3511 1356 3546 :
1373 3494 1450 3564 169
1462 3509 1514 3547 non
1534 3495 1712 3549 commisceri.
1723 3494 1753 3550 Si

127 3583 261 3640 sedenter
282 3584 344 3638 dicit
363 3584 501 3657 rinpelrria
521 3584 588 3638 duae
608 3584 744 3657 prolapsus
764 3598 834 3638 rore.
850 3583 914 3638 d>ro
964 3582 1043 3651 isqui
1060 3582 1140 3638 irater
1156 3582 1361 3638 nominatusest
1386 3586 1554 3638 tornicatorz
1577 3592 1623 3638 aut
1637 3598 1751 3640 avarus:

126 3673 294 3743 susceptione
318 3674 447 3730 matutina
486 3676 628 3732 vicesimus
653 3675 755 3745 primus
781 3673 809 3730 lu
832 3672 913 3730 tuen
964 3672 1533 3730 autidolisserrieosaaotmaledicustaut
1553 3672 1754 3730 annosorum

127 3763 245 3833 psaltum
259 3764 310 3834 ipsi
327 3764 419 3821 Dauid.
434 3762 522 3821 Finito
536 3765 624 3820 dicam
646 3766 714 3821 banc
733 3765 860 3837 psalm
873 3774 915 3821 trr-
964 3779 1140 3833 repansum
1159 3763 1289 3832 eiusmodi
1304 3779 1355 3820 nec
1368 3763 1580 3822 eibumsumere.
1597 3765 1671 3833 Quid
1680 3766 1754 3823 αιΙιιι

128 3854 241 3910 restitas
254 3856 369 3912 omnitm
379 3857 406 3912 in
416 3856 493 3913 ebero
507 3858 558 3913 dato
581 3869 593 3899 ι
608 3858 748 3928 psallendo.
765 3857 835 3914 licus
846 3858 915 3913 deus
964 3855 1028 3910 milri
1037 3853 1071 3908 de
1081 3853 1176 3924 linqui
1187 3851 1252 3908 luris
1271 3862 1334 3908 sunt
1348 3854 1485 3924 judicaret
1500 3855 1591 3910 Nonne
1603 3856 1638 3910 de
1652 3856 1695 3910 bis
1707 3856 1754 3924 qai

133 3963 209 4004 meus
223 3948 331 4005 intende
342 3949 368 4005 iu
383 3964 425 4006 me
439 3964 521 4018 quare
532 3965 575 4006 me
586 3947 761 4018 derellpoisti.
782 3947 821 4018 p.
844 3946 915 4003 Lon·
965 3945 1034 4000 initus
1046 3955 1109 4001 suut
1118 3944 1311 4010 raisindicatist
1324 3944 1389 4000 Nam
1399 3948 1497 4016 eosqui
1509 3945 1573 4002 loris
1583 3954 1666 4001 sont:
1682 3946 1755 4004 Mt

130 4051 191 4108 pea
206 4037 291 4095 salute
303 4053 361 4096 mea
376 4032 458 4096 rerba'
469 4041 625 4097 delicnmm
640 4053 771 4095 meorum.
793 4037 913 4109 Misus
961 4037 1101 4107 judicabit.
1115 4035 1224 4093 Auferte
1233 4038 1330 4092 malum
1340 4051 1373 4093 ex
1385 4036 1460 4092 robis
1471 4037 1543 4106 ipsis.
1557 4037 1645 4094 dodel
1655 4036 1754 4108 aliquis

130 4130 335 4186 rrrettsclatuabo
351 4145 399 4201 per
412 4131 482 4188 diem
498 4148 507 4188 a
530 4146 580 4187 nec
599 4128 749 4187 exaudies:
770 4139 798 4185 et
813 4136 912 4189 nocte:
964 4140 1081 4184 restrum
1102 4128 1203 4184 babeus
1221 4128 1353 4198 negotium
1365 4127 1492 4183 adrersns
1511 4129 1623 4182 alterum
1637 4127 1756 4196 judiceri

126 4228 153 4274 ct
168 4233 221 4274 oon
232 4219 264 4274 ad
279 4221 457 4292 insipientiam
473 4221 547 4278 mibi.
563 4219 637 4276 ilicet
651 4217 814 4274 ιΡιιιιιιίιι.
826 4218 913 4276 Silera·
963 4220 1033 4290 apud
1047 4219 1169 4288 iniquos:
1184 4229 1210 4274 et
1224 4234 1276 4274 nou
1286 4218 1355 4288 apud
1369 4219 1492 4272 sanctost
1506 4219 1545 4272 du
1559 4218 1670 4272 tremitis
1684 4231 1753 4286 quo·

127 4308 191 4363 tium
202 4310 290 4366 lacite'.
308 4310 346 4380 7.
363 4311 418 4382 Epo
428 4318 515 4366 autem
526 4324 585 4366 suro
596 4309 695 4366 smmis
704 4318 732 4363 et
743 4322 796 4363 uon
807 4307 888 4363 bomo
901 4327 909 4365 a
928 4305 1035 4408 nomm
1048 4309 1133 4365 sancti
1156 4309 1189 4365 de
1204 4310 1254 4364 boc
1266 4309 1365 4364 mundo
1375 4309 1531 4378 iudicabunt
1545 4324 1553 4362 ι
1568 4309 1629 4365 etsi
1643 4323 1658 4363 a
1673 4307 1753 4365 totels

126 4399 283 4470 opprobium
298 4400 436 4456 bominum
451 4409 478 4456 et
491 4400 606 4470 abiectio
629 4399 724 4471 plebis.
754 4399 792 4469 i.
814 4398 914 4455 Omnes
963 4401 1124 4472 indicabitur
1138 4400 1254 4455 mundns
1268 4415 1276 4455 z
1292 4399 1391 4472 indipni
1404 4401 1468 4455 estis
1477 4400 1522 4469 qul
1535 4399 1569 4455 de
1584 4398 1702 4455 minimis
1708 4398 1755 4469 Jo-

126 4491 173 4560 qui
184 4490 309 4547 ridebant
320 4506 362 4546 me
376 4490 557 4547 subsanabant
570 4506 622 4562 ¹nro
638 4508 646 4547 :
661 4491 740 4547 locuti
752 4501 815 4547 surrt
837 4489 914 4546 labiis
965 4489 1078 4546 dieedsl
1088 4488 1202 4544 Nescitis
1209 4491 1333 4559 quoniam
1344 4489 1636 4559 angeloandieablmus
1648 4506 1657 4544 a
1669 4505 1755 4559 nuan-

127 4590 155 4636 st
170 4590 411 4654 moremuteapm.
434 4583 472 4653 5.
488 4583 612 4654 sperarit
633 4586 660 4640 in
684 4584 797 4639 bomtno
816 4582 914 4653 eripiet
965 4579 1089 4650 toutapia
1101 4577 1591 4650 secularialSeculariaipituriudlcia
1606 4580 1628 4633 si
1650 4577 1754 4636 babur-

127 4687 188 4727 eum
201 4687 210 4727 a
224 4673 327 4728 salvum
343 4672 424 4728 laclat
436 4688 497 4730 eum
516 4674 642 4745 qnoniam
661 4673 718 4728 uult
736 4687 808 4729 sum.
836 4672 913 4727 dicut
964 4668 1023 4726 ritis
1037 4686 1046 4727 ι
1061 4667 1247 4726 contentibiles
1256 4667 1300 4739 qui
1314 4676 1377 4723 suot
1389 4668 1417 4723 iu
1431 4667 1542 4723 ecelesia
1555 4683 1562 4722 :
1574 4667 1635 4720 illos
1648 4666 1754 4722 consti·

128 4760 266 4818 Prertiter.
282 4762 525 4820 Silentiumlacite.
554 4763 593 4833 ri.
614 4763 744 4831 Quoniam
764 4774 792 4818 tn
814 4777 843 4818 ea
864 4762 913 4833 qui
964 4760 1272 4832 tulteudlodicandum.
1288 4761 1327 4814 td
1343 4759 1527 4814 verecundiam
1551 4758 1753 4813 restramdteo.

128 4851 243 4906 eduxisti
258 4866 302 4907 me
315 4853 351 4908 de
359 4863 451 4908 uentre
465 4869 546 4924 aspes
557 4869 616 4910 mea
627 4855 661 4909 ab
681 4855 807 4911 uberibus
820 4853 918 4921 matris¹
963 4852 1008 4911 Sic
1023 4869 1075 4910 non
1088 4862 1130 4909 eet
1140 4853 1211 4914 inter
1221 4865 1268 4907 ros
1281 4851 1532 4920 saplerrsquisquam
1545 4866 1552 4900 ε
1567 4849 1611 4917 qui
1622 4847 1755 4917 possitin-

127 4960 197 5002 ntee.
216 4947 295 5017 Νη
310 4956 336 5002 ιιι
347 4947 462 5019 jactatus
476 4964 535 5005 sum
550 4964 584 5005 ex
597 4961 673 5006 utero
694 4952 727 5004 de
741 4959 835 5005 restro
852 4962 911 5004 ma·
963 4944 1053 5000 dicare
1067 4945 1136 5001 inter
1145 4945 1255 4999 tratrem
1264 4958 1341 4999 suurn
1350 4941 1412 4997 :sed
1424 4940 1505 4995 irater
1517 4955 1577 4995 com
1591 4937 1756 5010 iratrejudi·

128 5037 175 5094 irit
188 5052 268 5095 meet
284 5037 353 5094 bens
375 5054 451 5095 mern
473 5053 504 5096 es
523 5047 550 5096 tn
565 5054 599 5096 ne
616 5040 769 5096 discedasa
789 5054 842 5095 me.
873 5040 912 5110 p.
963 5034 1006 5089 cio
1016 5034 1171 5089 contendit:
1187 5043 1214 5089 et
1226 5033 1278 5088 boe
1301 5033 1371 5097 apud
1401 5030 1536 5086 inddelesl
1561 5029 1620 5085 lam
1641 5031 1754 5101 quiden

127 5126 257 5194 Quoniam
273 5127 407 5183 tribulatio
421 5137 462 5185 est
475 5131 592 5197 proxima
605 5146 614 5185 s
629 5141 656 5184 et
678 5146 730 5185 non
745 5130 842 5197 catum
861 5128 913 5182 ad·
963 5127 1072 5180 omuino
1083 5125 1207 5180 delictum
1217 5133 1257 5180 est
1279 5122 1306 5177 in
1327 5123 1422 5177 robis:
1442 5120 1512 5190 quod
1528 5119 1627 5189 judicia
1649 5121 1756 5175 noberta

125 5217 210 5284 juret.
226 5217 445 5276 dieetPreabiter.
462 5219 603 5277 Silentium
617 5221 705 5276 laeite.
737 5218 910 5286 rebeum·
964 5217 1097 5273 intervos
1112 5217 1263 5284 erarenon
1277 5213 1362 5286 magis
1379 5213 1501 5282 iniuriam
1516 5211 1652 5281 accipiunt
1666 5212 1757 5281 Quare

163 5387 175 5415 ¹
190 5377 308 5434 Drmiam.
323 5379 360 5433 lta
377 5379 458 5435 Lxx.
474 5379 500 5433 lo
517 5379 627 5451 irrigata
644 5393 694 5433 nou
711 5380 815 5449 legitur.
966 5391 1046 5446 porro
1059 5376 1188 5431 ellendune
1201 5382 1255 5428 tam
1269 5385 1341 5440 sape
1359 5370 1410 5427 boc
1429 5372 1489 5427 loco
1507 5371 1631 5427 indicitur
1645 5369 1682 5425 ob
1699 5369 1759 5425 sin·

163 5455 176 5486 ο
192 5448 307 5512 dispersi
319 5449 351 5503 et
365 5453 410 5505 eir.
428 5449 515 5519 liudp,
530 5450 558 5504 ιιι·
571 5450 677 5519 pertun
691 5448 737 5504 eir.
965 5447 1055 5514 peritus
1066 5459 1090 5500 er
1105 5444 1182 5499 detur
1192 5442 1379 5521 penitentum,
1398 5450 1426 5496 et
1446 5445 1527 5498 rodus
1546 5442 1635 5514 populi
1648 5441 1762 5497 etun-to

165 5524 176 5554 ι
194 5512 340 5571 Psallerado.
358 5518 402 5572 Po.
417 5534 475 5573 xxa.
965 5515 1078 5572 Domino
1091 5529 1141 5567 suo
1154 5512 1376 5566 commiserantis.

162 5580 328 5640 li'realtter.
351 5587 419 5642 Olim
441 5589 570 5646 diaconus
590 5587 725 5644 silentium
749 5587 880 5643 indicebat
901 5604 907 5639 τ
1000 5584 1089 5654 stup.
1110 5582 1141 5638 V.
1159 5581 1234 5637 bers.
1250 5578 1331 5650 dero
1350 5576 1422 5634 ¹⁸¹²·
