3794 6106
171 266 223 325 il5
543 264 686 322 tttssotu
707 264 841 322 utxtutt
861 263 935 322 sud.
957 264 1035 322 itud.
1059 267 1089 322 li.
1111 266 1245 326 tstuottt.
1258 298 1291 309 -
1311 269 1400 328 ottus
1421 271 1453 327 ΙΙ.
1744 278 1799 334 biti

170 397 228 438 rum
247 400 254 438 :
276 395 322 449 per
336 380 414 433 istum
430 377 515 432 valide
525 376 817 446 juventutisluctamcn
830 376 956 447 arripieu·
971 381 994 438 Α
1009 377 1212 435 ardentissimus
1230 393 1376 436 assecutor.
1392 383 1484 438 Sedet
1504 381 1714 452 llipolituarelut
1725 397 1797 447 utro-

170 489 230 527 rus:
245 471 296 526 lide
313 471 497 538 extinguamus
512 469 645 524 inoeut'sa
673 469 821 526 libidinum.
841 474 900 538 Quo
920 470 961 528 sic
1012 487 1125 542 rumque
1139 481 1278 543 parentum
1298 474 1376 529 ianuis
1390 475 1547 546 locupletior
1565 472 1669 533 laetus:
1686 478 1729 534 lais
1750 480 1799 536 ad·

169 580 216 636 per
231 563 332 618 Siatum
357 561 541 618 sanctificandi
572 562 624 617 tuis
647 560 957 620 aturtbusoderamur:
1009 558 1128 630 jungitur
1151 560 1245 619 lueres:
1262 563 1357 633 quibus
1382 565 1444 619 licet
1473 564 1588 621 bitlnaua
1612 568 1652 624 rel
1675 569 1799 626 triduana

169 667 197 710 nt
213 656 333 710 tradente
348 655 425 708 uobis
435 652 579 708 Laurentio
589 653 702 711 calicem
718 656 812 713 salutis
822 658 849 715 iu
866 658 959 715 retnis·
1011 651 1111 707 lobtittl
1121 651 1276 710 interr-atta:
1293 663 1320 711 te
1335 666 1362 709 ιιι
1374 656 1490 726 oportuit
1500 654 1671 727 dispensante
1682 661 1800 717 struun-

168 747 272 800 sinnem
287 752 457 813 peecatorum
478 752 585 799 sumere
601 758 763 817 mereamur.
1011 741 1039 798 di
1053 744 1227 800 certaminis:
1243 745 1312 800 idern
1335 757 1424 801 tamea
1442 745 1470 800 io
1484 746 1630 804 oburaeudo
1645 752 1799 818 premissio-

213 835 250 890 sl.
271 835 367 889 Lmen.
1013 846 1073 887 uem
1089 833 1226 889 celestinus
1242 835 1336 890 brasio
1350 835 1413 891 lidel
1427 837 1508 905 uiguit
1521 837 1611 893 ardor.
1631 838 1724 895 Sistus
1738 845 1799 910 qul·

209 921 271 977 Post
285 924 396 976 nonarius.
414 921 515 978 Oratio.
536 920 750 979 clementissime
772 933 960 982 creaturarum
1015 925 1076 980 dem
1088 934 1116 980 ut
1129 925 1177 980 bos
1193 925 1259 998 jugo
1273 926 1409 984 dominice
1429 929 1640 986 orausuetudiais
1654 944 1797 994 asuerus:

171 1015 287 1069 omnium
302 1013 397 1068 lieus:
418 1028 466 1082 pro
481 1012 556 1083 enjus
579 1014 687 1072 tremine
701 1014 849 1072 beatissimi
863 1016 956 1072 Sistus
1013 1017 1146 1073 subruisse
1173 1019 1291 1073 oeeurut
1316 1017 1405 1088 capite
1426 1019 1602 1089 percussori:
1628 1022 1798 1093 potestisque

170 1115 250 1177 atque
262 1104 420 1161 Laurentius
435 1104 563 1176 ilartyres
577 1107 687 1163 sirititer
710 1117 883 1166 certaverunt
905 1124 912 1163 :
931 1117 961 1165 et
1011 1106 1113 1163 canicie
1126 1104 1236 1178 fulgenti
1247 1105 1352 1163 corrice
1367 1118 1527 1164 renovatus:
1544 1118 1573 1165 nt
1581 1111 1668 1180 aquila
1682 1112 1797 1170 adcelm

170 1197 278 1254 diuerso
291 1198 420 1254 morieruti
434 1213 531 1268 geuene
547 1200 744 1256 connatisnnt.
756 1200 960 1259 CurnetSistns
1009 1193 1150 1266 lrrrentute
1172 1194 1281 1252 solavit.
1309 1196 1413 1265 Quique
1431 1198 1619 1267 umentorum
1644 1200 1728 1258 ebore
1747 1203 1796 1259 dc·

171 1298 218 1343 tun
231 1291 347 1344 domitas
359 1290 422 1359 iugo
432 1291 551 1345 enrrir'os
563 1299 574 1327 ⁸
586 1291 673 1362 gladio
684 1291 958 1360 perempturusesbi·
1012 1293 1101 1341 uatuu
1117 1284 1200 1340 lulium
1212 1300 1342 1354 generose
1358 1287 1454 1342 ruentis
1469 1287 1641 1346 Laurentium
1655 1300 1795 1362 exspecta·

173 1377 229 1433 btlrt
247 1393 255 1433 a
274 1386 301 1433 et
313 1377 476 1435 Laurentius
487 1379 656 1436 contbttslttnt
666 1382 690 1432 iu
700 1380 852 1436 craticulam
863 1394 961 1455 eorpus
1012 1376 1067 1459 bat.
1087 1374 1155 1443 Quia
1169 1376 1229 1431 sinc
1241 1391 1273 1431 eo
1285 1376 1384 1445 proprii
1398 1377 1533 1448 sanguinis
1553 1377 1688 1436 uictimam
1700 1381 1796 1439 ollem

170 1468 359 1525 suumversari
377 1470 526 1540 precipiens
548 1485 556 1525 a
576 1468 698 1539 spiritura
723 1471 776 1526 rite
791 1472 860 1527 iuter
882 1471 960 1527 dum·
1011 1466 1192 1522 unlelmtzcui
1217 1475 1310 1521 cuneta
1331 1466 1519 1536 mysteriorum
1544 1467 1692 1526 ministeria
1711 1478 1798 1528 tratas·

171 1561 401 1617 massiliensis
415 1576 558 1631 quesumus
576 1576 585 1617 ε
605 1572 632 1619 te
649 1578 773 1636 rogamus
791 1579 800 1619 ε
821 1571 850 1620 ut
864 1563 960 1619 nauum
1011 1557 1089 1614 ieuda
1110 1558 1290 1613 commiserat.
1313 1556 1363 1626 Qui
1379 1572 1439 1612 carm
1453 1557 1487 1613 tle
1503 1573 1550 1613 sna
1565 1560 1736 1618 remansione
1750 1577 1796 1631 ps·

172 1655 296 1727 precibus
308 1668 406 1723 corpus
421 1665 541 1709 uostruru
564 1655 740 1711 tentationum
765 1655 881 1712 dammis
906 1670 959 1712 nou
1014 1649 1048 1704 ῑῐῑ
1063 1649 1189 1717 i¹¹⁰i¹²¹⁰⁸
1200 1646 1359 1705 0¹¹iii⁵⁵012
1380 1649 1414 1703 ’ὓ
1425 1650 1520 1706 0⁰1¹0¹¹¹
1544 1650 1609 1708 flete
1621 1651 1773 1722 Whibiius
1789 1673 1797 1707 τ

172 1749 290 1805 ardeat:
310 1762 358 1803 cor
381 1747 478 1802 diuinis
511 1747 617 1804 datibus
650 1748 829 1803 concalescat.
862 1715 1081 1818 sicqneflquod
1098 1751 1158 1810 post
1175 1740 1298 1797 tresdies
1308 1754 1339 1796 ae
1352 1751 1507 1814 sequeretur
1521 1742 1634 1811 audisis.
1646 1744 1702 1801 lice
1713 1745 1799 1801 debe-

172 1834 266 1892 Sistus
278 1853 311 1892 es
325 1848 436 1906 arrepto
459 1837 623 1892 sacerdotali
648 1837 790 1909 priuilegio
812 1838 891 1908 ligata
906 1837 955 1894 cri·
1011 1845 1040 1887 te
1062 1832 1097 1887 de
1120 1845 1168 1886 8¹¹²
1192 1831 1346 1888 ᾱθδθῐῑῑθῐιθ
1365 1833 1472 1897 causari
1485 1833 1655 1900 premonuit:
1671 1834 1798 1906 diffiniant

171 1929 437 1982 minurunnstrnrum
453 1924 557 1980 sinenda
580 1926 690 1982 sulcata
716 1941 748 1982 ae
771 1924 960 1982 detunctorum
1010 1923 1035 1978 ei
1062 1921 1206 1992 gloriosior
1228 1921 1337 1978 diabolo
1365 1923 1509 1979 seviente:
1534 1923 1670 2001 inrisoque
1696 1928 1800 1981 tirauuo

172 2021 396 2075 ussusoratlouis
411 2018 503 2073 iasorc
518 2018 677 2087 disrumpat.
701 2017 735 2074 lit
757 2017 900 2074 ministerii
920 2019 962 2076 sui
1013 2011 1165 2081 “limpidii
1189 2021 1320 2069 monedei-
1349 2012 1541 2086 ottaupruu
1565 2022 1672 2072 librum
1694 2015 1800 2073 Christe

171 2123 262 2164 euram
275 2108 541 2164 eunctislaureutio
568 2107 742 2178 impendente
759 2121 767 2160 a
786 2106 879 2163 etrici
906 2108 964 2180 pia·
1013 2102 1183 2175 infatigabilis
1208 2102 1354 2160 loribudol
1387 2103 1519 2172 Quantam
1545 2106 1619 2162 enim
1645 2105 1800 2179 durioribus

171 2201 239 2255 colis
272 2209 301 2255 et
322 2197 419 2270 sepulti
448 2213 478 2254 sc
508 2199 630 2255 rreceriut
665 2201 784 2256 euasisse
820 2200 962 2272 suppliela.
1014 2195 1111 2253 inerint
1130 2196 1292 2275 cruciatibus
1311 2197 1431 2254 seviente
1451 2197 1800 2270 caroideedeputatiatun-

178 2288 216 2359 ti.
243 2287 354 2345 Chorus.
376 2291 472 2345 druco.
1014 2293 1069 2342 tum
1085 2301 1100 2339 a
1116 2296 1284 2341 teucrorum
1300 2283 1395 2340 sirium
1408 2294 1549 2358 augmenta
1563 2286 1726 2357 triurnplsanl
1733 2302 1801 2345 cuu-

206 2380 337 2454 359ιι
349 2397 443 2449 perenn
457 2379 558 2436 Oratio.
575 2380 644 2437 ouo
657 2382 701 2451 qui
711 2380 857 2438 beatissimi
873 2380 965 2439 Lesitc
1016 2375 1114 2434 secuti.
1134 2376 1169 2433 lit
1191 2385 1219 2431 et
1241 2375 1347 2433 Sarrctis
1370 2376 1421 2432 tuis
1442 2374 1553 2445 gloriam
1565 2393 1573 2432 ε
1587 2377 1741 2433 etinimicis
1755 2393 1802 2434 eu·

171 2472 209 2528 tui
217 2472 348 2528 Laurentii
356 2471 434 2527 lldem
447 2489 452 2525 :
465 2486 514 2526 nee
527 2472 587 2540 tque
596 2471 687 2526 subrui
698 2485 745 2525 uec
756 2468 869 2527 avaricia
880 2469 964 2527 iecisti
1015 2468 1102 2528 mules
1121 2481 1229 2539 pettam.
1253 2466 1309 2524 Una
1333 2466 1449 2537 denique
1470 2466 1617 2538 eademque
1638 2466 1743 2539 iusticia
1756 2487 1763 2523 ι
1775 2479 1804 2527 et

170 2561 326 2632 arruupt:
354 2576 415 2616 cunt
429 2570 456 2617 et
470 2561 539 2617 iuter
559 2562 678 2617 dannanus
699 2562 812 2617 inuictus
826 2580 832 2616 :
848 2571 876 2616 et
897 2563 966 2621 iuter
1013 2560 1130 2633 insilirem
1143 2557 1246 2614 iulerna
1263 2568 1427 2616 cruentum:
1449 2569 1477 2613 et
1496 2557 1547 2616 celi
1560 2558 1708 2628 usotpinsu
1719 2560 1805 2617 inuo-

172 2668 295 2710 numanus
308 2652 463 2708 existereta
484 2653 627 2722 cupiditate
647 2655 761 2709 intactus
776 2672 783 2706 :
801 2655 965 2726 perspicuam
1018 2652 1091 2709 ritant
1116 2652 1213 2705 sirum.
1232 2648 1281 2718 Qui
1306 2663 1340 2704 eo
1363 2663 1448 2721 usque
1467 2649 1532 2704 doru
1546 2658 1705 2706 exureretur
1723 2653 1805 2707 robu-

173 2755 216 2802 tue
228 2745 373 2815 maiestatis
392 2745 537 2814 potentiam
557 2743 741 2812 imploramus.
769 2743 965 2817 {itidemque
1016 2744 1083 2802 atior
1108 2741 1194 2799 iaetus
1219 2742 1356 2799 emicuit:
1378 2741 1578 2799 utearnilieeu
1608 2741 1653 2798 tali
1675 2743 1806 2799 inridens

172 2835 220 2891 tibi
232 2835 366 2891 eredimus
379 2835 405 2889 iu
417 2834 492 2888 nobis
503 2834 635 2904 adaugeas
651 2851 657 2887 :
681 2835 818 2890 eharitatis
833 2850 898 2905 opes
913 2838 965 2892 im·
1016 2834 1165 2891 damnaret.
1189 2832 1223 2890 Ut
1245 2833 1268 2888 si
1291 2830 1367 2887 ribus
1392 2831 1510 2900 placeret
1529 2830 1600 2901 quod
1614 2829 1671 2903 jaro
1683 2843 1805 2888 assatum

173 2928 272 2999 pendas
288 2945 295 2981 ι
311 2927 470 2996 cupiditates
484 2925 621 2981 interimas
637 2944 643 2979 :
658 2927 823 2982 simultatum
834 2927 967 2986 lacescu-
1017 2927 1119 2984 luerat:
1137 2927 1321 2984 manducaret.
1341 2925 1444 2995 Quibus
1460 2925 1547 2982 serbis
1565 2925 1716 2996 exemploru
1736 2927 1808 2984 lide·

173 3017 287 3088 tingens.
302 3015 360 3084 Quo
377 3029 425 3070 nee
436 3012 552 3069 avaricia
564 3015 626 3069 victi
642 3033 647 3069 :
670 3029 718 3072 nee
730 3017 797 3071 ndns
813 3016 868 3074 aad
884 3030 909 3073 te
919 3033 964 3074 se·
1019 3017 1089 3073 libus
1102 3015 1301 3073 contemnende
1315 3014 1409 3071 mortis
1422 3014 1579 3070 insinuans:
1595 3013 1732 3081 uictricem
1744 3015 1807 3071 aui·

173 3107 277 3163 uiuanns
298 3107 396 3162 inlesi:
412 3104 457 3161 illo
480 3105 618 3161 eharitatis
636 3106 688 3163 tue'
709 3121 770 3163 rore
795 3107 966 3164 reuocandi:
1017 3123 1087 3164 maru
1102 3108 1171 3180 patri
1186 3117 1214 3165 et
1228 3108 1351 3178 spiritum
1371 3104 1630 3165 commendavisset
1648 3107 1808 3177 potsmo-

172 3211 226 3267 quu
238 3197 309 3254 idem
325 3198 424 3268 blartpr
449 3206 508 3250 tuus
518 3195 644 3253 decoctus
654 3195 714 3268 ique
729 3197 826 3254 meruit
839 3199 965 3256 recreari.
1017 3214 1073 3254 reon
1090 3198 1165 3268 pretii
1179 3216 1187 3252 ι
1202 3197 1302 3254 Claristi
1326 3195 1500 3266 refrigeratus
1517 3199 1661 3265 amplexu:
1685 3196 1737 3254 sub
1757 3213 1806 3254 ara

149 3275 153 3282 ’
181 3289 218 3359 ι.
245 3291 339 3344 dunen.
1016 3289 1108 3345 celesti
1133 3288 1289 3344 umbraculo
1309 3286 1461 3359 requiescit.
1484 3285 1565 3342 lluno
1581 3285 1715 3358 llipolitus
1737 3289 1804 3345 dura

211 3379 317 3437 lutatio.
332 3381 444 3454 Dignum
462 3391 488 3439 et
501 3381 600 3454 iustum
616 3389 675 3436 est:
699 3395 797 3451 equum
809 3388 837 3438 et
850 3382 967 3440 salutare
1019 3382 1070 3438 sibi
1085 3380 1212 3438 traditum
1228 3389 1380 3438 ascenaeret
1393 3380 1513 3436 custodia
1526 3380 1648 3436 militari:
1660 3379 1807 3439 meristae

173 3483 215 3530 est
225 3492 234 3528 ε
244 3485 336 3530 saneto
347 3474 448 3530 norrriul
464 3484 509 3528 tuo
523 3473 684 3543 sempiterna
693 3472 808 3530 Trinitas
821 3473 967 3531 fortissime
1019 3473 1198 3540 impressione
1214 3473 1316 3543 sttrpuit
1329 3472 1456 3529 miracula
1471 3472 1610 3528 iacienteur
1622 3490 1629 3526 ε
1643 3486 1707 3529 utos
1719 3473 1806 3530 soirui

174 3563 244 3620 bears
257 3583 265 3620 ε
277 3579 325 3635 pro
338 3564 482 3620 electorum
503 3573 608 3619 tuarum
621 3563 810 3620 certaruiuibus
823 3564 945 3635 gloriosis
958 3583 964 3619 :
1018 3566 1158 3623 lerocitate
1174 3565 1294 3637 deposita
1307 3582 1315 3622 a
1329 3564 1363 3621 acl
1377 3563 1543 3635 sequendum
1555 3573 1581 3619 te
1592 3563 1621 3618 llt
1632 3577 1684 3621 ose
1692 3563 1785 3621 mitior
1797 3582 1804 3618 :

174 3653 364 3723 acceptabilem
380 3652 426 3708 tibi
442 3669 449 3705 :
465 3654 488 3706 si
501 3650 604 3722 pusillis
627 3651 751 3720 possibile
775 3650 840 3707 lacis
858 3671 865 3706 :
882 3654 967 3709 larrdis
1015 3654 1089 3713 etad
1105 3655 1262 3726 perferenda
1278 3670 1328 3725 pro
1350 3663 1396 3710 tuo
1409 3655 1519 3711 nomiae
1534 3653 1654 3725 praviora
1669 3662 1807 3710 tormema

176 3742 291 3796 bostiam
313 3741 463 3799 immolare.
490 3740 620 3813 Quicquid
641 3743 712 3798 euim
735 3744 762 3798 in
784 3743 826 3798 lals
846 3745 966 3819 magnill·
1016 3745 1094 3801 leoue
1107 3744 1257 3800 robustior.
1276 3742 1359 3831 Cuius
1373 3754 1426 3798 tam
1441 3743 1531 3801 subito
1550 3751 1682 3799 mutatrua
1704 3744 1808 3799 useasis

166 3828 261 3886 cuml
276 3842 404 3900 operante
419 3832 553 3903 peragitur
573 3829 686 3887 merito:
701 3841 784 3887 totum
808 3833 863 3889 tuis
884 3833 967 3890 rirru-
1017 3839 1201 3909 propositum:
1221 3837 1304 3907 juder
1326 3835 1425 3908 impius
1446 3848 1561 3891 cessem
1588 3832 1687 3891 acriori
1706 3835 1807 3891 sesitia

177 3921 249 3978 tibus
265 3920 416 3993 deputatur.
438 3922 521 3995 liujus
536 3922 667 3995 siqnidem
686 3926 839 3998 eortpressio
855 3942 963 4000 puque:
1016 3928 1099 3987 icatur
1111 3946 1117 3987 ι
1130 3938 1158 3986 ut
1170 3939 1230 4000 pote
1241 3928 1347 3985 antissio
1361 3928 1477 4002 propriis
1487 3943 1615 4000 pemeus:
1630 3927 1657 3984 ia
1670 3941 1725 3997 quo
1739 3944 1810 3984 eon·

179 4012 230 4070 nisi
244 4021 271 4071 te
284 4014 352 4070 duce
365 4023 391 4071 et
413 4018 517 4086 presule
531 4013 609 4072 luerit
625 4016 763 4074 instituta:
777 4034 827 4075 nee
842 4020 902 4077 iniri
912 4037 967 4079 eer-
1015 4025 1104 4083 lestim
1132 4026 1251 4081 deceruit
1275 4040 1369 4093 penam
1392 4024 1464 4079 nurui
1485 4022 1642 4078 crudelitate
1657 4021 1804 4092 majorem.

178 4113 267 4161 tamen
284 4107 381 4176 poterit
396 4123 403 4162 a
420 4122 469 4163 nec
479 4122 539 4163 eum
553 4107 631 4165 laude
646 4109 726 4164 liniri.
741 4110 841 4166 ideireo
853 4111 965 4171 liorniue
1014 4116 1156 4186 Quemque
1170 4117 1318 4172 distentum
1337 4114 1461 4185 primitus
1477 4113 1564 4170 cardis
1578 4112 1674 4170 lerreis
1688 4112 1786 4168 lauisri
1801 4132 1807 4168 :

180 4197 294 4253 rnilitum
307 4206 412 4254 tacruru
425 4199 613 4270 triumphalem
628 4202 764 4256 uictoriam
779 4203 965 4262 celebramus:
1015 4224 1047 4265 ae
1070 4207 1168 4281 deiude
1193 4206 1354 4263 ferociorum
1375 4205 1556 4276 jrrrraeutnrum
1577 4203 1645 4260 tralri
1666 4204 1809 4273 perderis

178 4302 293 4356 quorum
307 4295 334 4344 tc
347 4297 375 4343 et
388 4288 454 4344 nelle
468 4299 495 4343 et
507 4288 635 4358 perlicere
645 4288 728 4346 luisse
742 4291 895 4360 mobamus.
911 4293 965 4349 ud·
1015 4300 1135 4369 precepit
1157 4298 1267 4368 pedibus
1289 4296 1439 4366 sitiemus.
1459 4295 1513 4352 Sed
1536 4296 1616 4351 ethra
1635 4293 1679 4350 sie
1697 4292 1809 4350 [elicere

178 4385 242 4432 snut
265 4377 347 4448 ip‘tur
370 4378 481 4432 oondne
498 4388 509 4416 ι
526 4379 621 4432 borum
641 4378 744 4435 dierum
765 4387 904 4451 tempore:
927 4385 964 4439 toi
979 4407 1005 4468 D
1018 4390 1125 4445 Christe
1135 4388 1304 4459 predicamus
1316 4397 1420 4442 tuorum
1436 4386 1547 4441 militum
1558 4397 1694 4456 pepusam
1707 4385 1811 4454 quibus

177 4467 293 4524 niominis
316 4469 485 4525 confessione
509 4470 701 4541 insuperabiles
718 4473 797 4530 lacti:
811 4485 836 4531 et
850 4489 964 4532 corona·
1018 4492 1068 4534 nec
1081 4478 1256 4533 comminatio
1270 4485 1377 4532 eruenta
1392 4475 1524 4533 delectum
1536 4493 1544 4529 ι
1557 4489 1606 4530 uec
1619 4488 1689 4544 pena
1701 4475 1811 4544 suppli·

179 4573 238 4613 ιιιιιι
266 4560 472 4615 ammirabilium
496 4561 682 4632 splendoribus
710 4565 837 4622 deriuari.
871 4568 963 4627 Sistus
1016 4571 1106 4625 cium:
1130 4583 1180 4625 uec
1201 4581 1273 4622 urors
1296 4568 1381 4621 initialia
1405 4567 1604 4622 detrinentum.
1635 4562 1686 4621 Cui
1708 4567 1810 4620 rsrerits

178 4648 366 4719 Apostolorum
378 4659 483 4707 tuorum
495 4652 860 4726 cathedredignusaacenaor
872 4678 880 4714 ι
894 4661 965 4731 eins·
1015 4661 1086 4715 celi:
1111 4667 1138 4714 et
1162 4672 1256 4713 omaus
1281 4659 1393 4711 uirtutes
1417 4656 1504 4712 debita
1530 4655 1607 4709 laude
1624 4655 1809 4711 cerimonia

177 4756 230 4810 qnae
254 4737 269 4778 ‘¹
289 4742 499 4800 archidiaconus
522 4745 681 4803 Laurentius
708 4749 835 4820 triumpbi
858 4751 965 4809 celestis
1015 4757 1184 4807 occurruut:
1208 4760 1404 4816 aureorumque
1424 4740 1645 4799 candelabrorum
1670 4743 1806 4813 septilera

214 4862 227 4890 ¹
245 4851 348 4907 ΜΟ·
359 4853 493 4938 ‚simum
513 4853 616 4911 smum
637 4856 795 4942 ⁶⁰9⁰¹¹⁴Q¹¹Fi
815 4858 897 4916 [Μ
907 4877 958 4941 fe·
1010 4881 1160 4937 Videndum
1173 4888 1306 4934 tamcuau
1322 4879 1403 4932 crucia
1418 4863 1525 4933 nominc
1536 4875 1699 4932 Prudentius
1715 4892 1805 4949 eqrtu·

177 4934 253 4992 cepta
269 4933 310 4977 est
321 4939 427 4991 oprnro,
442 4941 521 4995 quatu
543 4926 752 4995 Gotltoiltspaut
771 4944 798 4982 tu
814 4930 864 4984 ltue
878 4945 957 4985 otissa
1010 4954 1080 5010 lcum
1096 4950 1278 5006 jnqpqqeqesqqq

178 5004 271 5059 auterre
285 5004 442 5061 seqrruntnr.
464 4996 550 5062 Quum
568 5006 653 5050 aucto:
661 4997 724 5052 itate
737 4998 821 5052 macti
832 4999 956 5070 Cypriani
1045 5043 1059 5082 b

179 5062 274 5133 (Epist.
284 5061 772 5133 82)conlirmauescribeutisiliatam
782 5069 808 5119 iu
820 5071 959 5124 semanno
1076 5042 1213 5112 omme·
1228 5040 1298 5109 [⁴⁰5⁰
1312 5048 1434 5112 ⁰9⁶m¹¹¹⁶
1448 5048 1484 5141 'f‘

178 5134 380 5188 uu‘modcersum
391 5149 461 5198 esse.·
475 5133 544 5189 idem
559 5137 629 5190 euim
643 5144 685 5191 est
699 5137 868 5191 ouiarudeerti
881 5149 960 5206 atquo
1048 5145 1059 5172 ι
1077 5131 1177 5187 Horum
1190 5131 1288 5184 dierunt
1301 5139 1424 5197 ternpore.
1437 5130 1484 5185 llis
1495 5128 1642 5184 ostendunt
1654 5128 1766 5186 Siarum
1779 5145 1806 5189 et

178 5205 264 5273 plauto
283 5204 380 5275 puniri,
400 5204 454 5259 Nisi
470 5205 537 5260 iprae
555 5205 676 5260 hocloco
689 5215 798 5261 sanetus
812 5208 960 5277 Cyprianus
1012 5202 1182 5260 Laurentium
1198 5199 1309 5254 diuersis
1323 5200 1417 5254 diebos
1429 5209 1572 5254 coronatos
1586 5197 1679 5264 luisse,
1688 5204 1740 5255 etsi
1752 5220 1806 5257 uua

179 5288 244 5328 uoce
266 5274 434 5329 subnodoerti
459 5289 525 5331 usos
546 5277 583 5330 sit
606 5290 656 5345 pro
677 5277 773 5344 puniri.
800 5275 960 5332 Prudentius
1016 5278 1098 5328 missa
1113 5286 1218 5339 tortaque
1232 5279 1259 5325 ct
1272 5269 1364 5324 euderu
1379 5270 1548 5325 solemnitate
1560 5282 1652 5324 eoruau
1668 5277 1805 5328 memoria

179 5341 301 5412 (lipom.
315 5344 334 5400 2
349 5350 380 5401 de
404 5343 520 5418 Cornu.)
536 5345 639 5401 Siaturu
656 5348 733 5414 ,cruci
760 5345 868 5402 allisum
882 5348 963 5404 luisse
1016 5345 1179 5399 celebretur.

181 5413 268 5482 Pf⁰di¹
283 5430 289 5465 ἲ
1051 5432 1064 5470 i
1080 5432 1293 5486 ‹leotadio-outo.
1307 5428 1351 5486 stc
1364 5443 1468 5499 quoque
1483 5428 1568 5499 (Touo.
1588 5427 1711 5500 iopen,
1724 5448 1807 5486 serrae

364 5483 500 5592 {mim
511 5484 727 5572 ”iflfdoefimm
1016 5503 1081 5567 aba.
1097 5505 1163 5567 505,
1180 5500 1251 5554 Edit.
1269 5499 1406 5567 linurin.)
1425 5515 1439 5552 a
1460 5511 1553 5553 wareto
1571 5502 1721 5565 Augustino
1742 5518 1808 5556 aaut·

379 5559 417 5593 arn
428 5543 519 5607 Laetus,
529 5546 614 5596 afflans
625 5559 704 5608 cruca,

365 5602 520 5660 Laurentium
532 5607 630 5654 lleatum
643 5606 728 5658 ardens

365 5665 447 5716 t‘ruots
457 5669 502 5716 sub
515 5669 567 5729 ipso
577 5668 670 5728 stipite.

1016 5584 1078 5629 ctus
1088 5571 1247 5627 Laurentius
1261 5569 1463 5624 archidiaconus
1478 5579 1657 5640 rauracupatus.
