3794 6106
75 288 76 292 ’
122 285 175 339 iil

123 415 150 461 ct
165 413 274 474 riettotcs
297 417 389 459 eorum
409 403 536 458 cumeis.
562 403 672 474 Eritnne
694 415 838 475 antemnam
857 404 957 466 clu-A

123 507 198 552 meru
212 514 220 551 ε
235 511 285 566 ego
299 495 451 548 exaudiam.
467 494 562 549 ddltne
585 495 638 550 illis
652 495 846 567 loquentibus:
867 509 919 564 epo

123 586 228 643 antliam
243 603 249 639 :
266 585 331 639 dicit
348 584 475 640 Dominus
489 587 671 657 omnipotens.
693 588 841 658 ti.dmen.

158 697 233 750 Dicet
249 693 338 752 l'rerl.
355 695 483 752 Dominus
497 698 533 752 stt
542 711 649 768 semper
660 698 809 755 uobiscum.
829 699 865 769 ἢ.
886 697 920 755 Et

123 803 194 844 enm.

159 899 341 956 *Ptsllendm
368 901 492 956 Paratum
513 917 561 956 cor
589 917 680 958 tticum
708 903 778 958 [letis
798 911 918 972 paratum

122 1008 169 1048 ror
194 1008 283 1049 meum
306 998 446 1051 :tatttolto
465 994 480 1036 b
498 1005 525 1051 et
551 996 647 1066 psallat
671 995 719 1051 tibi
743 997 826 1065 pluria
849 1010 918 1052 tneo.

125 1096 137 1124 ⁰
160 1085 199 1153 i.
213 1084 240 1141 ln
260 1102 304 1142 me
318 1097 381 1142 sunt
395 1088 467 1144 licus
479 1097 540 1142 rota
556 1102 614 1144 moa
626 1103 677 1158 que
688 1087 798 1144 reddam
810 1087 919 1144 :lauda-

124 1175 213 1230 tiones
232 1177 298 1232 tibi:
313 1180 375 1248 quin
396 1178 515 1235 liberasti
539 1178 657 1234 animam
682 1193 768 1236 numm
785 1178 819 1235 de
832 1189 920 1236 morte

123 1266 243 1326 locutos
256 1286 331 1327 meos
344 1288 359 1326 s
373 1272 511 1328 lachrimis
526 1271 693 1343 pedesmeus
708 1273 810 1344 elapsu
822 1281 850 1328 ιι
864 1270 920 1343 pla·

124 1374 184 1420 reat
197 1364 256 1419 tibi.
273 1363 309 1419 P.
327 1365 360 1421 Et
373 1365 482 1435 psallat.

141 1475 282 1548 Sequentia
308 1480 415 1551 epistole
442 1478 522 1534 Ponti
554 1477 673 1542 Apostoll
707 1478 743 1534 od
770 1476 900 1533 Romanos

423 1551 449 1621 (‘
465 1548 530 1620 Cup.
558 1548 619 1620 tt).

167 1663 204 1730 tl.
218 1663 275 1719 ileo
285 1661 395 1731 pretias.

161 1754 282 1809 Fratres.
299 1754 357 1808 Non
380 1761 474 1824 regnet
496 1762 634 1823 peceatum
658 1751 685 1808 in
702 1763 791 1809 restro
813 1753 919 1809 mortuil
937 1761 960 1823 Β

124 1864 255 1916 corprru:
269 1859 296 1903 ιι
308 1849 415 1905 obediat
429 1851 450 1904 is
460 1848 684 1918 concupiscentiis
695 1847 825 1919 sprosed
835 1863 922 1919 neque

127 1940 278 1998 eslrlbeotis
292 1942 413 1997 membru
426 1950 513 1997 restro
532 1957 605 1997 nrma
620 1942 768 2012 iniquitatis
789 1951 920 2013 peccato:

123 2032 171 2088 sed
184 2031 310 2088 exbibete
324 2045 373 2087 ros
386 2032 443 2088 ileo
458 2041 593 2103 tamqnam
604 2048 636 2088 es
652 2031 766 2087 mortuis
780 2032 920 2086 virentes:

123 2131 152 2177 ct
166 2120 287 2176 membra
304 2131 391 2175 uestro
406 2135 480 2176 arma
494 2122 603 2190 Jtrstlcic
614 2122 678 2176 beo.
696 2119 838 2176 Peccatum
849 2121 921 2177 enlm

124 2214 152 2269 ln
167 2214 242 2268 verbis
256 2228 309 2268 non
321 2213 512 2269 dominabitur.
526 2212 583 2268 Non
606 2214 678 2268 enim
697 2212 748 2268 snb
763 2214 821 2282 lege
834 2211 921 2268 estis:

124 2305 173 2360 sed
184 2304 235 2360 snb
257 2304 438 2374 pratia.·0uid
452 2303 533 2374 ergol
551 2301 561 2343 ί
587 2302 760 2359 Peccavimus
773 2321 782 2359 ε
795 2304 922 2371 streniam

124 2413 179 2453 non
203 2411 297 2452 sumus
310 2396 359 2451 sub
374 2398 452 2466 lege:
467 2396 514 2451 sed
528 2395 579 2451 sub
591 2395 675 2466 gratio
685 2395 696 2448 l
708 2395 796 2449 Absit.
808 2392 923 2448 Nescitis
961 2457 964 2463 Ι

124 2489 250 2558 ttutmiam
265 2488 306 2542 cui
317 2497 330 2536 s
341 2487 503 2543 exhibuistis
516 2499 564 2539 ens
574 2499 668 2542 seruos
678 2486 712 2539 ad
724 2484 920 2540 obedientium:

123 2580 195 2636 serui
209 2579 277 2634 estis
291 2578 351 2649 ejus
364 2579 407 2633 cui
423 2576 555 2633 obedistis
580 2576 659 2632 :site
676 2575 777 2644 peccati
793 2572 826 2630 ad
848 2589 923 2629 mor·

125 2679 181 2727 tem
203 2670 286 2725 :siue
299 2668 461 2725 obeditionis
482 2667 516 2721 ad
537 2666 683 2736 justitiam.
705 2666 812 2722 Gratias
833 2675 924 2720 autem

125 2760 184 2818 beo
196 2760 267 2830 quood
284 2761 371 2816 linistis
390 2758 462 2816 serti
478 2760 581 2830 peccati
603 2758 757 2815 :obedistis
778 2767 868 2813 autem
890 2771 925 2814 es

129 2851 214 2906 eorde
225 2851 250 2904 in
267 2865 326 2905 reru
342 2849 455 2905 formam
468 2849 591 2906 doctritte
609 2867 617 2905 ι
638 2850 663 2904 irr
679 2864 730 2920 qua
744 2848 835 2905 trotio
846 2848 923 2907 estis.

128 2941 248 2998 liberati
270 2952 392 2998 nutema
414 2949 544 3012 peccato:
560 2941 631 2997 serti
646 2940 708 2996 lacti
730 2939 796 2996 estis
806 2940 924 3010 justicie.

128 3030 143 3071 ¹·
165 3033 193 3090 ln
213 3031 320 3088 corteto
334 3031 398 3088 lesu
414 3031 526 3088 Domino
541 3042 644 3089 nostro.
666 3030 704 3100 tl.
719 3040 817 3089 Amen.

938 3107 961 3173 C

126 3145 302 3203 beritosoncti
311 3145 446 3221 Euottpelii
457 3147 595 3201 secuudum
606 3145 703 3202 decom
716 3145 739 3218 (¹
753 3145 818 3217 Cep.
830 3144 922 3215 1111).

163 3238 214 3297 lllo
228 3239 255 3295 iu
280 3247 401 3310 tempure
423 3255 430 3294 :
452 3238 582 3295 Dominus
606 3248 698 3296 noster
712 3239 786 3295 lesus
799 3238 923 3295 cbristus

482 283 628 341 ntssaus
649 258 985 342 rinocerotes.
1008 287 1038 342 o.
1053 285 1191 343 tstoottt.
1213 316 1247 329 -
1262 285 1352 345 tons
1370 254 1405 344 ι.Ι

974 404 1062 460 uerbis
1086 403 1172 476 gratie
1196 423 1202 458 :
1227 419 1280 475 que
1305 402 1486 477 procedebant
1513 401 1548 460 de
1577 415 1625 459 ore
1656 401 1779 475 ipsine

979 495 1016 564 tl.
1029 497 1123 551 tmen.

1007 585 1083 642 ilicet
1102 584 1190 642 Preti.
1202 585 1330 642 Dominus
1345 583 1380 641 sit
1392 598 1501 657 semper
1513 582 1662 644 vobiscum.
1682 583 1767 655 Mt

969 690 1031 732 oum
1046 676 1142 746 spiritu
1156 685 1214 731 tuo.

1009 766 1017 807 ¹
1033 766 1135 823 Modo.
1152 768 1275 840 Alleluia.
1298 766 1468 836 iltrudem
1488 767 1630 822 lloutltrum
1646 768 1672 822 in
1695 775 1767 839 tym-

971 877 1041 933 pano
1061 870 1089 918 et
1102 863 1208 918 cboro:
1232 860 1339 918 laudate
1362 875 1423 916 eum
1448 860 1475 916 in
1498 860 1587 916 cordis
1611 868 1638 915 ct
1652 860 1768 933 organo.

971 952 1008 1010 Ρ.
1021 954 1150 1024 Alleluia.

1008 1046 1223 1116 111διιιιῐιιιίιιιι.
1251 1042 1389 1099 Edidcarit
1409 1041 1467 1098 Noe
1494 1041 1579 1099 altere
1601 1041 1716 1099 Domino
1741 1049 1771 1098 et

970 1148 1086 1218 sumpsit
1099 1163 1132 1202 ex
1155 1146 1230 1203 omni
1253 1147 1357 1217 pecude
1376 1146 1477 1201 mundo
1499 1162 1505 1197 :
1531 1150 1604 1200 etex
1622 1143 1696 1199 omni
1716 1158 1770 1198 nuc

971 1239 1070 1297 munda
1084 1247 1112 1295 et
1126 1238 1222 1295 obtulit
1233 1239 1335 1295 bostias
1349 1240 1382 1294 od
1405 1239 1492 1294 altare
1508 1255 1515 1290 ι
1530 1243 1558 1291 et
1575 1234 1725 1290 immolarit
1738 1244 1770 1292 et

971 1329 1120 1386 cremarit:
1136 1337 1166 1386 et
1179 1328 1308 1386 odoratus
1319 1340 1362 1386 est
1376 1331 1504 1385 bontinus
1522 1325 1634 1382 odorem
1649 1326 1771 1382 suauita-

973 1423 1007 1479 tis
1022 1421 1140 1494 alleluja.
1153 1431 1167 1460 ¹¹
1196 1422 1366 1491 ,locutus
1380 1431 1420 1476 est
1443 1418 1572 1475 Dominus
1590 1417 1623 1473 nd
1649 1417 1706 1473 Noe
1727 1415 1771 1472 dt·

971 1526 1037 1568 cens
1061 1529 1069 1567 ε
1092 1511 1223 1583 egredere
1242 1511 1277 1567 de
1302 1511 1383 1570 archa
1407 1519 1450 1564 tua
1474 1519 1502 1564 tu
1523 1516 1550 1565 et
1575 1515 1589 1547 0
1610 1506 1700 1563 omnis
1720 1522 1769 1564 co·

971 1603 1062 1676 punio
1077 1610 1121 1659 tua
1136 1613 1165 1660 et
1179 1610 1275 1660 cuncta
1288 1601 1435 1662 animantia
1451 1615 1503 1672 que
1517 1607 1580 1655 suin
1602 1599 1672 1668 apud
1687 1597 1715 1653 t'e
1734 1612 1769 1655 ex

972 1695 1046 1752 omni
1059 1709 1141 1751 cartre
1155 1711 1165 1754 ι
1180 1705 1233 1750 tam
1254 1693 1281 1750 in
1296 1693 1450 1749 volucribus
1461 1708 1542 1764 quotu
1558 1693 1585 1746 in
1601 1690 1695 1745 bestiis
1706 1689 1768 1745 uni·

974 1787 1060 1843 uersis
1073 1785 1216 1856 reptilibus
1228 1799 1281 1858 qne
1293 1792 1371 1842 erant
1383 1798 1464 1854 super
1479 1794 1579 1839 terram
1592 1798 1600 1839 :
1614 1781 1731 1839 crescite
1741 1790 1771 1845 et

973 1876 1190 1947 multiplicamini
1201 1892 1282 1947 super
1295 1892 1353 1934 eom
1371 1893 1379 1934 :
1395 1884 1423 1932 et
1436 1887 1562 1946 egressus
1584 1881 1626 1930 est
1641 1871 1707 1930 Noe.
1732 1872 1767 1933 Ρ.

973 1967 1007 2023 Et
1019 1965 1178 2023 ittttnolatil.

1009 2057 1102 2115 llitso.
1115 2057 1143 2116 Sl
1158 2057 1294 2113 credimus
1307 2055 1403 2113 iratres
1411 2056 1562 2113 clarissimi
1573 2055 1696 2111 ditinum
1711 2069 1773 2119 esne

973 2148 1044 2218 quod
1058 2149 1163 2220 agimus
1175 2165 1183 2206 z
1197 2148 1315 2204 studium
1328 2147 1509 2218 alieotumpue
1521 2147 1640 2214 placendi
1654 2145 1772 2208 bomini·

974 2240 1024 2296 bus
1048 2241 1170 2296 omnibus
1191 2239 1277 2295 modis
1304 2252 1474 2310 respuemus.
1497 2236 1646 2294 Offeramus
1673 2239 1730 2293 ileo
1747 2237 1772 2293 si

974 2346 1027 2388 nun
1050 2330 1228 2401 acceptabiles
1252 2330 1353 2386 hostias
1375 2343 1480 2384 :uoces
1504 2328 1620 2385 soltirnr
1643 2328 1772 2397 patientie

974 2420 1169 2494 lrcbtymosos.
1187 2420 1244 2476 Non
1260 2420 1390 2476 debemus
1403 2420 1446 2477 bic
1459 2420 1534 2490 quasi
1549 2421 1624 2476 nullo
1635 2429 1711 2477 rento
1723 2421 1774 2475 ob·

975 2513 1048 2570 noxii
1071 2512 1241 2582 impudentes
1258 2512 1405 2569 assistere:
1422 2512 1471 2568 sed
1487 2514 1559 2568 velint
1580 2513 1606 2570 in
1622 2513 1774 2583 presentie

976 2604 1110 2663 metuendi
1123 2603 1221 2675 judicis
1234 2619 1296 2659 cum
1312 2605 1411 2659 timore
1430 2602 1519 2660 saltim
1535 2603 1630 2662 diebus
1656 2602 1772 2657 domiui-

975 2695 1015 2752 cis
1029 2697 1184 2752 convenire.
1197 2694 1236 2752 tte
1249 2695 1350 2751 idcirco
1361 2694 1446 2752 Deum
1461 2693 1572 2750 latuisse
1586 2707 1639 2764 qne
1650 2694 1774 2765 gerimus

975 2784 1166 2855 suspicemur:
1180 2785 1251 2854 qnod
1267 2786 1293 2840 in
1309 2784 1427 2856 presenti
1444 2800 1497 2839 non
1518 2784 1684 2856 puniemurr
1708 2797 1770 2838 eum

975 2876 1035 2933 ideo
1048 2877 1159 2933 torsitan
1174 2878 1207 2932 ad
1218 2893 1300 2948 ponas
1315 2875 1621 2945 posterusdilleramur:
1637 2874 1699 2948 quia
1714 2890 1771 2931 mo·

976 2978 1118 3026 montaneo
1133 2969 1324 3026 emendatione
1337 2967 1435 3039 corrigi
1452 2985 1505 3023 nnn
1522 2983 1669 3027 merentur.
1683 2966 1770 3040 Stiei-

978 3069 1023 3116 tttt·
1037 3059 1085 3115 lilii
1099 3075 1193 3116 sumus
1205 3077 1213 3115 ι
1224 3060 1343 3122 dulciora
1356 3059 1433 3114 uobis
1446 3057 1501 3116 sint
1513 3060 1623 3114 verbere
1636 3069 1747 3128 paterna
1761 3073 1772 3114 ι

977 3168 1058 3226 qrram
1075 3153 1167 3209 mella.
1192 3152 1221 3211 si
1247 3152 1318 3209 serti
1333 3150 1439 3207 solliciti
1462 3166 1581 3221 :penem
1603 3148 1774 3207 Dumirticotu

975 3262 1029 3304 non
1044 3244 1176 3302 debemus
1195 3245 1338 3301 comedere
1352 3243 1446 3300 ociosi.
1468 3244 1522 3298 ileo
1535 3251 1654 3298 nostrum
1673 3241 1774 3314 singuli

127 3344 268 3402 repressus
280 3340 322 3386 est
338 3330 363 3386 in
375 3329 474 3385 uirtute
488 3329 600 3401 spiritus
611 3328 638 3385 iu
652 3327 792 3387 Golilearu.
807 3329 841 3386 iit
851 3330 923 3385 lama
975 3340 1076 3411 quique
1099 3347 1179 3409 prout
1196 3337 1362 3393 universitati
1382 3336 1505 3408 congruit
1529 3335 1702 3404 cogitantes:
1725 3341 1775 3393 aut

125 3423 195 3478 exiit
208 3437 254 3494 peu
268 3423 420 3482 uniuersam
435 3422 571 3494 regionem
587 3422 622 3479 de
642 3422 699 3477 illo.
719 3423 753 3479 lit
768 3423 826 3494 ipre
840 3423 922 3480 doce-
976 3432 1107 3488 debemus
1121 3429 1247 3501 plangere
1259 3430 1282 3485 si
1295 3428 1443 3485 deiecimus
1459 3444 1468 3486 ι
1482 3436 1530 3486 aut
1543 3425 1578 3480 de
1591 3424 1652 3482 eliis
1665 3422 1771 3480 sollici-

127 3513 213 3570 botin
226 3513 370 3586 syndimii
384 3527 477 3570 00r¹¹m
491 3531 498 3566 ²
513 3523 541 3569 el
555 3513 776 3585 mtflnlsstobtlor
795 3514 803 3567 Ι
823 3515 857 3570 ab
878 3515 926 3571 ¹¹⁰·
978 3523 1096 3578 tudinem
1108 3536 1221 3592 gerere:
1237 3535 1286 3590 per
1297 3521 1410 3591 gratiam
1426 3516 1529 3573 bomini
1542 3530 1594 3585 otta
1610 3515 1748 3571 salernus.

131 3606 258 3662 mtnibus.
274 3606 306 3661 iit
319 3605 392 3661 uenit
404 3605 534 3661 Nazareth
550 3608 614 3667 tubi
630 3615 688 3663 eret
698 3607 813 3666 nutritus
825 3624 833 3662 z
844 3619 872 3665 et
884 3609 926 3664 iu·
1020 3613 1057 3681 ri.
1073 3615 1168 3667 Amen.
1185 3611 1237 3667 Per
1249 3609 1459 3667 misericordiam
1470 3606 1620 3753 ipsiusbci.

132 3699 212 3754 tuerit
224 3697 372 3756 secuttdnm
388 3699 610 3754 cousuetudinem
624 3714 700 3754 susm
718 3699 763 3755 die
777 3699 882 3757 sabbati
898 3703 924 3758 in
1014 3702 1073 3758 dtta
1088 3700 1190 3757 Oratio.
1209 3703 1278 3757 Deus
1297 3702 1356 3756 sine
1371 3700 1475 3771 princip
1485 3713 1503 3752 o
1514 3697 1559 3768 qui
1576 3693 1662 3752 iecisti
1676 3705 1691 3746 ι
1703 3702 1776 3750 eter-

129 3787 284 3858 sinagognm
304 3795 356 3845 :et
368 3788 483 3844 surrexit
499 3788 598 3859 legere.
615 3789 647 3845 Et
662 3789 776 3846 traditus
795 3798 837 3847 est
849 3794 874 3846 el
893 3791 926 3846 li·
979 3808 1032 3849 un:
1049 3791 1189 3863 principiis
1204 3801 1332 3862 perpetua
1346 3789 1492 3846 condidisti
1515 3805 1522 3842 :
1539 3787 1599 3845 sine
1612 3785 1770 3847 conditione

130 3879 180 3935 ber
200 3878 288 3950 isare
302 3877 444 3949 propbete.
462 3878 495 3933 tot
507 3889 537 3932 ιι
559 3877 674 3935 resoluit
688 3879 785 3936 librum
800 3896 809 3937 z
825 3880 927 3938 inuenit
978 3894 1143 3958 perpetuus:
1158 3893 1185 3939 te
1207 3883 1274 3938 lusis
1289 3897 1323 3938 ox
1348 3881 1446 3937 ellectu
1461 3880 1559 3940 mentis
1575 3875 1698 3947 precibus
1718 3876 1774 3937 iru-

131 3969 220 4026 tcum
232 3969 278 4024 ubi
292 3969 422 4040 scriptum
436 3978 504 4026 erat.
523 3967 640 4041 Spiritus
652 3970 757 4026 bomini
770 3984 853 4041 super
863 3985 924 4028 me:
980 3979 1126 4046 ploremus.
1144 3975 1178 4031 Ut
1197 3988 1324 4032 concessa
1338 3971 1457 4030 nobisiu
1476 3970 1597 4041 presenti
1615 3970 1707 4029 secolo
1723 3983 1774 4032 re-

134 4063 329 4133 propterquod
345 4063 421 4119 unxit
441 4076 485 4119 me
506 4078 514 4117 :
536 4063 723 4136 evangelizare
738 4060 925 4152 pauperibus*
981 4071 1024 4126 nia
1040 4086 1047 4127 ι
1063 4070 1158 4140 dignm
1172 4066 1359 4125 misericordie
1373 4075 1468 4123 eterne
1483 4080 1534 4123 uos
1544 4066 1638 4122 incias
1648 4063 1775 4135 tttudqoe

133 4155 209 4212 orisit
222 4169 276 4211 me.
291 4155 435 4219 Pretiosos
449 4153 564 4226 contit'o
579 4155 789 4211 remissionem:
809 4163 837 4209 ot
855 4154 927 4211 oecis
980 4163 1060 4226 urinis
1074 4161 1138 4220 dum
1152 4159 1289 4217 misereris
1302 4157 1462 4227 indulgeas:
1480 4158 1551 4214 unde
1572 4158 1598 4213 tn
1613 4156 1692 4212 ιιιιιιιι
1712 4170 1779 4226 pro·

133 4251 232 4306 ri-om.
247 4249 387 4306 bimittero
407 4248 563 4309 confractos
575 4248 602 4304 in
617 4247 822 4304 remissionem:
838 4248 929 4319 prodi·
982 4261 1041 4324 pter
1052 4251 1123 4323 truod
1136 4263 1246 4320 semper
1259 4247 1414 4306 miserearis
1428 4247 1562 4304 insenius.
1584 4248 1621 4317 ἡ.
1637 4246 1741 4304 Amen.

133 4357 198 4397 rare
212 4356 311 4396 sunum
333 4339 438 4397 bomini
453 4348 616 4409 occeptum:
630 4347 658 4393 et
680 4337 751 4394 dieto
773 4337 927 4395 retributio·
1018 4341 1082 4398 Post
1092 4341 1198 4397 rtonunu
1212 4337 1314 4395 Oratio.
1328 4330 1447 4395 Attende
1458 4339 1528 4394 licus
1541 4324 1714 4408 omnipotens
1728 4333 1780 4391 de-

134 4432 188 4487 nis.
204 4432 314 4488 Etcum
330 4430 468 4502 plicuisset
479 4431 576 4485 librum
590 4445 597 4483 :
613 4428 729 4490 reddidit
743 4428 866 4486 ministro
880 4448 888 4485 ι
901 4439 929 4486 et
943 4462 970 4528 D
984 4432 1121 4489 rotionsm
1143 4430 1305 4500 populorum
1323 4428 1442 4489 bdelium
1457 4447 1464 4482 2
1479 4437 1508 4484 ct
1527 4426 1666 4500 propicius
1683 4426 1780 4495 accipe

133 4524 214 4580 sedit.
232 4521 266 4579 Et
279 4523 398 4578 omnium
420 4521 651 4597 inesssinnpogn
665 4520 822 4578 oculierant
839 4523 929 4580 iuteo·
984 4525 1036 4581 boc
1057 4537 1154 4580 munus
1168 4521 1298 4578 nubtum.
1322 4520 1364 4578 stt
1377 4518 1456 4576 nobis
1475 4532 1586 4576 oramus
1608 4518 1643 4573 ito
1661 4516 1781 4575 Sancto-

134 4616 230 4692 dcotes
251 4618 277 4671 in
303 4630 377 4675 eum.
391 4613 469 4684 Cepit
481 4623 570 4671 nutem
589 4614 681 4670 dicere
705 4615 738 4669 ad
753 4614 838 4670 illos:
863 4613 929 4685 quta
984 4633 1044 4676 rum
1059 4624 1166 4671 tuorum
1182 4611 1407 4669 commemoratio
1431 4612 1458 4666 in
1479 4610 1661 4682 suffragium:
1686 4617 1716 4664 ut
1728 4624 1780 4666 co·

136 4708 219 4765 bodie
238 4707 347 4779 impleta
362 4715 404 4762 est
419 4705 469 4761 lrec
482 4705 619 4773 Scriptura
636 4705 663 4760 in
685 4706 794 4761 auribus
818 4707 928 4763 nestris.
984 4723 1043 4763 rum
1057 4705 1160 4762 meritis
1178 4705 1354 4774 impetremus
1367 4711 1395 4755 et
1417 4699 1534 4756 remedio
1556 4698 1705 4755 virentium
1722 4714 1731 4753 ι
1751 4707 1780 4755 et

85 4864 93 4879 κ
135 4796 882 4860 ttonnesrerttmontumtttidnbam:contrabuntur
903 4803 929 4855 in
985 4799 1105 4869 requiem
1119 4796 1238 4859 bdelium
1251 4791 1452 4850 detunctorum.
1473 4791 1511 4861 ri.
1528 4795 1627 4845 Amen.

175 4972 187 5000 ⁸
208 4963 360 5021 Psrllendo.
375 4961 419 5016 Ps.
432 4977 485 5025 ιιι,
497 4959 524 5015 8.

172 5034 185 5074 ¹·
201 5034 349 5108 depellat.
367 5032 433 5103 tntg
448 5049 455 5086 ι
472 5029 588 5088 Gontslo
599 5037 623 5087 tt
634 5028 761 5099 ptulerunt
771 5028 868 5092 dicum,
888 5043 934 5084 et·

133 5106 416 5249 ⁸⁸2⁹⁶5⁹ssssf⁰tffl
435 5172 476 5228 ts.
585 5191 587 5194 ·

174 5247 188 5286 ‘¹
205 5249 300 5304 (leuior
315 5261 384 5303 meos
396 5262 412 5299 ιι
423 5242 564 5298 locltrimt's.
580 5241 617 5296 lta
629 5239 711 5298 Lxx.
725 5240 757 5295 Αι
774 5238 831 5293 lunc
851 5237 933 5294 verbo

136 5320 165 5374 in
181 5318 290 5389 iulgrito
303 5333 355 5372 non
369 5317 501 5385 leguntur,
519 5328 568 5369 nce
582 5313 608 5367 in
623 5322 718 5367 mureto
733 5310 890 5382 Augustino.

149 5461 155 5476 .
176 5397 189 5426 o
203 5386 267 5457 Cap.
283 5387 332 5441 tt.
349 5387 426 5442 Vets.
444 5386 477 5442 id
496 5386 539 5444 id·
559 5384 586 5441 ln
601 5383 761 5440 Lusotiettsi
779 5378 807 5453 (Ι
821 5378 883 5434 Cor.
905 5392 925 5446 t,

138 5461 196 5568 ἦ)
200 5456 379 5610 1[ξιιιιιιέιιιιιι.
394 5529 485 5599 iulg..
502 5526 669 5608 percolimus.

176 5609 190 5647 s
206 5598 374 5653 lixoriutslu.
391 5600 469 5666 iulg.
482 5607 508 5652 et
520 5597 581 5662 Gn,
593 5598 725 5652 redoletis.

178 5669 192 5709 t
208 5670 240 5722 la
252 5666 363 5722 cbristo.
383 5668 451 5724 Sunt
464 5669 544 5723 rtrba
559 5668 655 5739 quibus
667 5667 728 5724 linis
753 5663 860 5722 lectioni
880 5661 932 5716 lm·

140 5741 301 5816 ponebatur.

1024 4953 1033 4992 l
1059 4954 1124 5025 dap.
1151 4951 1204 5007 li'.
1221 4949 1300 5006 leis.
1327 4947 1422 5005 tues.
1448 4949 1475 5003 tn
1496 4945 1664 5005 Lectionario
1688 4946 1782 5003 buxo·

986 5024 1071 5080 riensi
1086 5024 1184 5096 legitur
1196 5039 1230 5077 ex
1242 5022 1336 5076 ilnttlt.
1354 5034 1419 5080 ιιι,
1430 5020 1555 5084 ὖι-ιιιιιι,
1569 5016 1642 5072 1·ιί

1024 5094 1033 5138 ί
1047 5096 1085 5149 Ab
1102 5093 1257 5151 bominibus.
1275 5091 1350 5161 iulg.
1367 5098 1395 5142 et
1407 5090 1467 5154 Gr..
1478 5091 1509 5144 ult
1523 5087 1651 5147 omnibus.

972 5179 974 5183 ·
1023 5164 1034 5202 ¹¹
1051 5164 1124 5219 llicit
1145 5179 1195 5218 mc.
1215 5163 1294 5233 iulg.
1308 5172 1336 5218 et
1358 5159 1406 5214 lir.
1426 5160 1528 5216 addunt
1547 5172 1640 5216 sonore
1658 5158 1785 5212 contrtrur

986 5235 1072 5289 eorde.

1025 5303 1151 5359 luendo.
1168 5303 1213 5359 Pe.
1223 5317 1267 5368 cu,
1283 5301 1311 5356 d.

1017 5385 1038 5414 ω
1055 5373 1233 5444 Sacrificium.
1246 5373 1360 5429 Genesis
1373 5385 1433 5441 cap.
1446 5385 1491 5426 ιιιι
1516 5371 1553 5427 ib

1018 5455 1032 5486 ⁸
1058 5444 1208 5509 ibid..ean.
1220 5459 1277 5505 ιιιι,
1293 5443 1336 5508 15,
1354 5443 1398 5506 lb.
1414 5443 1458 5497 ll.

1022 5516 1264 5586 οΟιιιιιιοιρπιιιίο
1278 5523 1332 5566 tuo.
1351 5512 1473 5580 Vulgata,
1493 5521 1517 5566 et
1531 5527 1597 5566 ocor
1617 5520 1672 5575 tnta,
1689 5517 1716 5564 et
1732 5505 1785 5583 filii
1810 5568 1813 5573 ,

987 5589 1175 5648 tributantes
1186 5585 1296 5652 liliorum
1315 5593 1426 5636 tuorem.

1024 5668 1041 5709 e
1055 5656 1191 5712 Patientis.
1208 5655 1343 5718 Fortasse,
1366 5651 1533 5710 innitendo.

1027 5737 1042 5779 t
1056 5726 1163 5785 Eterno.
1175 5727 1267 5797 forte,
1281 5733 1396 5781 estnon.
