3772 6120
169 284 221 344 ssa
520 276 664 334 messes
680 250 816 332 ‘srrxroar
835 271 909 328 sss.
931 269 1009 326 neo.
1032 269 1063 324 o.
1084 266 1217 325 rstnom.
1239 296 1273 311 -
1293 263 1381 324 rans
1401 237 1426 323 tf
1744 264 1795 325 aar

171 404 222 459 alta
236 397 393 455 atsernlirnus
411 413 416 445 z
433 393 475 460 grai
496 407 525 460 pr
537 399 602 459 pter
622 388 807 444 excellentiam
834 386 886 440 rite
904 385 953 438 celi
968 385 993 445 A
1006 394 1097 438 saraete
1117 383 1220 439 virtutis
1237 401 1243 438 :
1261 383 1373 452 euertiter
1385 382 1418 437 ad
1432 392 1552 439 eternam
1568 385 1650 442 vitam
1666 388 1727 445 sine
1741 408 1795 447 rara·

172 495 279 548 rrrrnsinc
290 486 432 553 rrrrrrrnpati
448 491 519 536 sunt.
536 483 652 534 (decurre
671 480 749 550 igitur
759 477 822 533 iesu
839 475 919 531 nobis
930 475 958 529 itt
1008 475 1217 544 erilapertenire
1231 467 1384 546 passius‘ii
1395 513 1403 530 .
1414 474 1509 531 buren.
1524 477 1574 533 Per
1585 479 1798 540 misefffeupggm„

172 581 271 648 templo
285 588 329 631 tuo
339 573 478 627 ornantibus
496 589 502 623 :
519 580 546 624 et
556 585 619 623 eura
634 582 728 623 enarres
741 569 768 621 in
791 565 841 620 bae
861 565 903 618 die
914 563 959 632 qrri
1010 564 1093 632 ipsius
1118 564 1164 619 Dei
1190 565 1295 620 nostri:
1315 569 1361 635 qui
1385 577 1426 621 est
1450 567 1606 625 ltertcdietus
1630 581 1657 626 et
1682 571 1749 630 sirit
1773 585 1801 633 et

172 672 224 726 *in
238 667 378 722 rirnnitnrs
392 663 537 717 iacientes:
552 660 660 713 noluisti
671 657 810 712 sabbatum
821 656 958 710 custodiri.
1009 655 1098 709 urania
1120 656 1187 725 regit
1206 658 1231 710 in
1246 657 1335 710 meula
1353 658 1512 716 seculorum.
1535 660 1573 730 ti.
1590 661 1688 722 Amen.
1709 664 1800 723 Dumi-

173 764 243 816 Eece
266 768 328 811 ante
349 757 461 826 gloriam
490 753 605 805 rronrinis
632 753 667 805 toi
692 751 826 816 aperirnos
848 751 960 801 rainero
1011 760 1061 800 nos
1075 745 1111 798 sit
1123 760 1228 814 semper
1241 747 1390 803 vobiscum.
1412 749 1449 817 ἡ.
1464 751 1506 805 Ει.

172 857 324 903 rtrtstra:tu
339 857 444 913 appone
458 857 492 895 no
509 842 556 895 tris
584 839 780 894 inirrrritatiltns
791 837 962 892 medicinam.
1047 832 1121 888 ilicet
1144 832 1233 891 erest.
1260 837 1294 890 ud
1320 839 1473 897 accedentes.
1500 841 1633 915 Antigona.
1655 846 1713 918 Ego
1742 865 1801 911 sum

172 938 305 994 Serreurre
324 933 400 988 nobis
424 940 452 985 ιιι
470 929 613 1000 promisisti
637 927 806 996 perentibus
824 944 830 978 ε
845 923 913 994 l’speri
928 940 961 978 er
1012 926 1109 979 ostium
1126 925 1190 979 dicit
1204 926 1331 981 Dominus
1348 945 1355 981 :
1370 929 1392 984 si
1407 930 1472 1001 qrris'
1481 947 1529 1001 per
1544 950 1586 988 me
1600 935 1734 994 introierit
1750 945 1802 999 sai·

173 1029 258 1085 nihilo
280 1026 363 1080 iecisti
386 1021 456 1092 quod
485 1034 585 1074 suanus.
602 1019 655 1072 Fac
677 1017 808 1071 collirium
835 1026 860 1071 et
885 1025 963 1082 tange
1012 1017 1132 1073 rabitur:
1147 1019 1344 1088 etingredietur
1358 1029 1385 1076 et
1398 1025 1562 1093 regredimur
1574 1038 1600 1083 et
1615 1044 1714 1099 pasena
1731 1033 1803 1090 inve.

174 1118 267 1173 oetdos
280 1116 362 1170 nostri
374 1113 462 1168 enrdis
478 1121 503 1164 et
519 1107 638 1174 corporis
651 1125 657 1158 :
672 1120 705 1160 ne
720 1106 828 1174 reeiqrre
844 1104 964 1157 larbaroor
1013 1108 1077 1162 niet.
1097 1109 1133 1175 y.
1149 1109 1198 1173 Qui
1214 1109 1355 1165 artanducat
1368 1127 1452 1167 meam
1468 1130 1576 1170 earnem
1590 1127 1619 1173 et
1632 1118 1702 1175 bibit
1715 1139 1802 1180 rneurn

175 1212 202 1265 in
219 1209 388 1263 tenebrarunt
404 1202 542 1257 erroribus
562 1198 706 1254 eorrsnetis.
722 1197 790 1250 Eece
806 1196 888 1266 pedes
903 1202 964 1249 tuos
1013 1195 1167 1265 sanguninem
1184 1215 1192 1252 ε
1208 1199 1233 1251 in
1249 1214 1290 1252 me
1304 1209 1431 1257 monetet
1443 1205 1529 1270 egoio
1545 1207 1601 1261 iilo.
1618 1205 1654 1261 P.
1671 1209 1703 1264 lit
1717 1211 1801 1281 ingre.

177 1302 294 1370 rigantes
302 1296 406 1351 dotibus
420 1315 426 1346 ·.
441 1308 492 1347 non
509 1307 557 1344 nus
568 1288 677 1359 alrjirias
690 1287 854 1341 lnrnt'lintos.
867 1288 888 1340 0
902 1285 964 1339 iesu
1022 1287 1039 1356 p
1053 1325 1060 1341 .
1074 1287 1163 1341 Gloria
1183 1298 1208 1342 et
1227 1288 1313 1343 ltonor
1329 1289 1400 1345 Patri
1414 1303 1441 1347 et
1456 1291 1522 1348 Filio
1537 1305 1562 1350 et
1578 1295 1689 1366 Spiritui
1706 1303 1804 1359 Sancto

179 1391 246 1445 bone
264 1407 269 1442 :
285 1403 298 1442 a
314 1384 433 1456 vestigiis
446 1385 495 1437 tois
520 1399 572 1435 nnn
593 1380 748 1434 recedamus
766 1397 772 1432 :
787 1378 830 1447 (μή
860 1376 966 1429 larrrrriiis
1016 1381 1042 1433 in
1059 1379 1148 1433 secula
1163 1382 1326 1436 secuionnn.
1342 1381 1438 1438 dmen.
1455 1383 1490 1438 P.
1505 1386 1559 1454 Ego
1574 1402 1643 1442 snm,

178 1480 297 1535 venistie
313 1479 339 1532 in
357 1478 444 1531 terris.
459 1474 524 1529 Aodi
536 1472 592 1543 jam
610 1483 760 1524 nostrorum
778 1467 895 1521 orrrrriurn
909 1482 967 1535 prc-
1051 1467 1124 1524 Corn.
1148 1468 1286 1538 lieplctorn
1309 1482 1350 1527 est
1369 1475 1493 1543 gaudium
1516 1488 1637 1535 nostrum
1653 1496 1661 1535 :
1676 1491 1703 1537 er
1718 1483 1806 1554 tingri,

177 1568 432 1627 eernzeterellcns
458 1579 610 1620 nostrorum
636 1564 775 1616 rrinnnnrn
804 1560 965 1615 cecitatem:

177 1661 315 1714 sitleamus
326 1658 436 1729 gloriam
451 1655 526 1709 laciei
542 1664 586 1707 tue
600 1655 625 1707 in
638 1653 680 1706 illa
694 1653 766 1718 praeis
776 1657 868 1705 eterne
884 1647 967 1703 boati·

178 1752 270 1807 tudine
282 1750 477 1821 proclamantes
494 1755 591 1814 :atque
606 1744 640 1798 ita
654 1743 785 1797 dicentes.

215 1844 288 1895 dicat
300 1841 410 1896 Chorus.
426 1837 549 1891 Sanetus.
564 1836 688 1890 Sarretos.
708 1834 830 1889 Sanetus.

214 1932 278 1986 Post
290 1929 414 1985 Sanctus.
433 1927 533 1982 Oratio.
547 1926 614 1980 l'ere
625 1925 681 1979 dies
692 1926 871 1993 sempiternus
887 1945 893 1976 :
907 1936 970 1977 reru

180 2022 367 2079 lucilerrerns
391 2020 520 2074 Dominus
544 2028 634 2072 noster
659 2016 738 2072 iesus
760 2014 883 2070 Christus
899 2015 968 2069 illius

181 2125 253 2168 ratris.
269 2112 317 2178 eri
334 2112 372 2164 sie
387 2111 445 2165 luce
458 2108 606 2161 diuinitatis
622 2122 668 2160 sne
690 2106 784 2159 elnrnit
808 2105 907 2159 rrtrrndo
921 2123 927 2158 :
941 2113 969 2158 ot

181 2219 242 2260 enm
255 2201 423 2257 tenebrarum
445 2199 561 2266 eriperet
583 2197 729 2250 dorrtirraro.
746 2194 779 2251 Ut
794 2210 843 2249 nos
869 2197 911 2264 qni
924 2192 971 2248 ali·

180 2294 287 2363 girando
302 2308 409 2347 erarnus
431 2291 542 2346 tenebre
562 2290 751 2344 :eilreereznnr
765 2288 791 2342 io
817 2302 850 2342 eo
876 2301 970 2340 verum

184 2375 283 2438 lorncn'.
301 2383 492 2450 anditereom
516 2391 736 2450 cognosceremus
760 2392 807 2445 per
832 2374 975 2430 inlumina·

184 2476 282 2529 tionem
304 2472 364 2527 lldei
394 2488 441 2527 sue
457 2470 521 2540 :utri
540 2485 588 2539 pro
611 2469 688 2523 nubis
712 2468 834 2522 omnibus
856 2469 971 2521 attineant

184 2581 259 2620 suant
271 2563 380 2620 tradidit
390 2578 473 2631 usque
485 2561 517 2615 ad
529 2571 641 2615 mortem
653 2577 659 2611 ι
670 2557 790 2613 Christos
805 2556 931 2611 Dominus
942 2568 973 2610 ae

183 2656 336 2724 redemptor
349 2661 468 2708 eternus.

222 2745 284 2800 Post
298 2746 389 2817 pridie.
400 2744 491 2812 Tange
503 2757 647 2810 otiosumne
662 2740 725 2796 lesu
742 2739 777 2795 illi
788 2738 835 2794 Dei
852 2737 973 2793 tenebras

183 2834 273 2888 cordis
288 2834 372 2889 ttrtstri
393 2832 483 2901 digitis
504 2832 574 2886 tuis:
591 2840 620 2884 nt
633 2836 669 2885 ita
685 2842 712 2886 te
726 2832 753 2885 in
768 2831 846 2886 nubis
869 2829 975 2884 lucente

188 2930 358 2992 peecatorum
370 2937 497 2977 eruamur
520 2936 534 2974 a
559 2923 679 2976 tenebris
695 2939 701 2976 :
721 2922 799 2992 109
814 2920 927 2990 qualiter
941 2935 973 2976 ea

183 3028 237 3080 «pue
250 3013 294 3069 tibi
308 3012 445 3068 oderimus
461 3013 519 3067 loeo
534 3015 681 3081 perlustras
706 3021 798 3067 eterne
821 3010 972 3066 sanetidea-

185 3104 277 3158 tionis.
296 3104 327 3158 Et
341 3119 388 3158 nus
400 3105 435 3157 ita
450 3102 562 3157 ntundes
580 3119 594 3156 a
618 3104 748 3158 viciorum
773 3101 932 3157 inlecebris:
946 3109 974 3156 ut
987 3069 1012 3134 c

187 3195 347 3250 sarretilieati
360 3196 497 3263 percipere
507 3209 658 3249 mereamor
677 3192 867 3248 eucharistiam
881 3207 977 3262 corpu·

186 3286 226 3340 ris
241 3286 278 3340 tui
293 3287 320 3339 ln
336 3286 483 3341 uisceribus
499 3270 608 3339 nostris.
635 3284 672 3351 ri.
690 3290 784 3338 nmen.

224 3379 264 3431 dd
275 3378 471 3447 confractionem
491 3378 574 3446 punis.
594 3378 728 3450 Antigona,
745 3377 802 3433 Fiat
822 3377 977 3433 misericor-

187 3467 233 3524 dia
248 3479 292 3524 tua
307 3468 420 3523 bornine
433 3482 515 3537 super
529 3482 577 3522 nus
595 3484 601 3520 τ
618 3469 687 3522 sieut
707 3467 871 3539 speravimus
892 3467 918 3522 tn
941 3476 976 3522 te.

392 3557 433 3612 Art
449 3557 596 3611 Orationem
613 3556 780 3611 Dominicnrn.

227 3647 407 3705 erassatur
424 3657 564 3717 preceptor
579 3666 586 3700 ι
603 3662 714 3703 occurro
727 3648 803 3703 nobis
818 3649 978 3704 ambarisnti·

188 3740 241 3796 bos
256 3740 327 3794 viam
342 3756 350 3794 a
364 3738 533 3808 cupientibus
544 3737 682 3806 pervenire
695 3740 727 3792 ad
741 3739 860 3809 patriam.
875 3739 910 3795 tta
922 3754 981 3808 prc-

193 3832 307 3889 eedente
328 3834 386 3886 luce
400 3840 443 3885 tua
456 3827 648 3886 anilotennst
664 3831 690 3884 in
705 3831 774 3884 riam
790 3839 890 3886 rectam
907 3847 914 3883 ε
931 3845 980 3886 nee

192 3921 348 3975 oberremus
363 3920 391 3974 in
407 3922 544 3974 tenebram
564 3920 641 3973 istius
660 3920 745 3975 noetis
758 3920 916 3975 horrendam
933 3927 980 3976 :te

194 4012 220 4064 in
233 4010 310 4065 nubis
323 4011 430 4065 lucente
443 4011 505 4079 :qui
519 4011 604 4063 eserie
618 4011 716 4064 veritas
729 4021 758 4065 et
771 4011 833 4065 vita.
852 4011 887 4065 tta
903 4012 980 4082 igitur
1015 3997 1016 4001 ¹

194 4100 271 4154 ttubis
297 4108 348 4154 :ut
369 4100 438 4153 sieut
461 4112 541 4172 cecus
563 4097 609 4154 lile
632 4114 678 4169 pet·
700 4098 894 4155 euolessioncm
918 4114 980 4154 rere

193 4189 359 4244 credulitatis
371 4189 486 4244 obtinuit
500 4190 597 4244 donam
618 4190 718 4244 indulte
740 4190 835 4245 salutis
850 4208 856 4242 :
873 4190 907 4244 ita
931 4205 981 4245 nus

194 4280 374 4349 adipiscamur
388 4280 414 4334 in
429 4279 506 4334 istius
521 4279 609 4334 serbis
622 4278 745 4334 edentum
766 4279 809 4349 pie
822 4280 955 4351 petitionis
972 4294 980 4334 e

983 1730 1006 1790 B

1018 1571 1108 1616 nostra
1125 1564 1299 1617 exultatione.

1055 1648 1145 1704 Oratio
1165 1660 1222 1721 post
1236 1650 1308 1705 Corra.
1326 1651 1407 1721 Reple
1429 1653 1536 1711 Durnine
1554 1673 1600 1712 eur
1618 1669 1742 1715 trostrnrn
1757 1674 1806 1718 ete.

1054 1739 1163 1811 Require
1185 1750 1255 1797 reiro
1277 1745 1304 1798 itr
1329 1747 1412 1817 priano
1437 1746 1571 1803 Duratioico
1596 1751 1808 1825 Quadrupesinre.

1020 1832 1084 1902 sulio
1099 1831 1144 1889 98.

1277 1925 1379 1984 Fettti
1399 1929 1551 1999 Qtttttlt.

1328 2018 1368 2073 At
1388 2020 1504 2075 iliarum.

1022 2106 1107 2162 Lectio
1123 2108 1182 2162 libri
1201 2111 1551 2256 ριοιειῡὶοῗὲιιξὶιίῖἱηυηὶι
1564 2117 1589 2190 (ι’
1605 2118 1668 2189 Cup.
1685 2117 1739 2173 XX
1748 2116 1812 2186 ill,

1065 2268 1102 2335 ri.
1119 2269 1173 2323 Deo
1188 2272 1297 2338 gratias.

1057 2358 1118 2414 Fili.
1134 2360 1280 2432 biligentcr
1293 2378 1407 2432 agnosce
1422 2366 1523 2421 ruitum
1539 2369 1644 2436 peeoris
1659 2370 1697 2425 tui
1714 2388 1722 2426 :
1739 2381 1817 2428 titos·

1022 2467 1074 2522 qne
1089 2466 1181 2523 greges
1195 2456 1344 2510 considera.
1366 2457 1423 2512 Non
1437 2459 1508 2513 euim
1530 2458 1641 2516 babebis
1652 2463 1754 2534 jugiter
1768 2479 1817 2534 po·

1024 2549 1147 2596 testatem
1163 2560 1170 2597 :
1185 2544 1232 2598 sed
1252 2559 1352 2600 corona
1373 2547 1505 2604 tribuetur
1526 2549 1572 2605 tibi
1593 2553 1620 2605 ln
1641 2555 1818 2624 generatione

1023 2642 1053 2688 ct
1070 2637 1251 2704 generatione.
1266 2637 1363 2706 Aperta
1385 2649 1446 2694 sirnt
1468 2649 1563 2707 prata:
1584 2652 1612 2698 et
1634 2655 1819 2714 apparuerunt

1025 2726 1108 2780 herbe
1121 2726 1236 2782 rirentes
1253 2745 1260 2780 ε
1279 2736 1307 2782 et
1324 2730 1434 2783 collecta
1450 2740 1512 2785 sont
1531 2731 1591 2785 lena
1613 2733 1648 2787 de
1669 2736 1819 2791 ruentibus.

1025 2818 1092 2886 ligni
1112 2818 1144 2870 nd
1169 2818 1356 2873 vestimentum
1379 2831 1450 2874 tuum
1468 2837 1475 2874 a
1491 2831 1519 2876 et
1538 2822 1599 2877 laedi
1614 2825 1671 2893 agri
1686 2827 1818 2893 precium.

1025 2909 1144 2965 Sollieiat
1156 2913 1202 2966 tibi
1216 2914 1256 2968 lae
1267 2928 1407 2983 caprarum
1420 2916 1531 2973 insibus
1544 2926 1604 2972 tuos
1620 2933 1629 2973 ι
1644 2929 1672 2974 et
1684 2923 1711 2974 iu
1724 2934 1821 2976 neca·

1026 3006 1097 3060 saria
1119 3007 1216 3062 domos
1238 3018 1281 3063 tue
1296 3026 1303 3062 :
1318 3018 1344 3063 et
1361 3010 1394 3063 ad
1418 3010 1515 3066 rictum
1536 3010 1639 3067 ancillis
1657 3010 1719 3068 tois.
1741 3012 1820 3085 Fugit

1027 3097 1126 3165 lmpius
1140 3099 1247 3154 nemine
1261 3109 1435 3168 persequente
1452 3118 1458 3154 :
1471 3101 1559 3173 justos
1572 3113 1663 3159 autern
1679 3106 1755 3175 euasi
1777 3107 1819 3161 leo

1027 3191 1163 3247 corrideas
1177 3192 1277 3262 absque
1291 3201 1393 3249 terrore
1405 3195 1467 3249 erit.
1479 3195 1590 3265 Propter
1601 3207 1708 3267 peecata
1725 3208 1820 3257 terrea

1027 3280 1105 3335 molti
1120 3281 1253 3351 prinsipes
1264 3281 1340 3351 ejus:
1354 3293 1382 3338 et
1395 3292 1501 3354 propter
1512 3285 1627 3341 bominis
1642 3288 1818 3358 sapientiora:

1027 3381 1054 3424 et
1068 3371 1162 3425 borum
1183 3372 1323 3426 seientiam
1338 3388 1390 3442 que
1405 3374 1528 3431 dicuntur
1547 3378 1601 3431 rita
1616 3377 1692 3435 ducis
1713 3380 1821 3451 longior

1028 3464 1089 3520 erit.
1107 3463 1152 3517 l'ir
1175 3478 1274 3533 pauper
1288 3465 1443 3522 calunnians
1458 3471 1565 3538 pauperi
1581 3486 1589 3523 a
1604 3470 1699 3526 similis
1713 3481 1759 3527 est
1772 3474 1822 3527 irn-

1029 3551 1070 3606 bri
1095 3552 1246 3608 vehementi
1261 3572 1267 3607 :
1283 3555 1309 3608 in
1328 3570 1381 3624 utro
1403 3567 1510 3626 paratur
1523 3560 1617 3615 tamea.
1633 3561 1685 3629 Qui
1701 3560 1823 3619 derelin-

1028 3651 1114 3711 uount
1133 3645 1242 3711 legem:
1266 3645 1373 3701 laudant
1399 3647 1507 3718 impium
1522 3666 1530 3704 a
1548 3650 1592 3719 gui
1616 3660 1707 3709 autern
1732 3664 1819 3708 custo

1029 3730 1126 3787 diunt:
1143 3735 1339 3790 suecenduntur
1352 3748 1446 3792 eontra
1468 3753 1540 3795 eum.
1557 3740 1611 3797 Viri
1626 3743 1690 3796 mati
1706 3758 1761 3798 non
1776 3758 1823 3799 eu·

1029 3826 1113 3896 girant
1137 3825 1267 3897 judieiurn
1283 3829 1349 3898 :qui
1375 3839 1462 3885 autem
1490 3833 1627 3902 requirunt
1652 3834 1823 3889 Dominum:

1030 3917 1243 3972 animadvertunt
1253 3918 1353 3975 nrrrrria.
1365 3920 1416 3989 in
1429 3920 1543 3977 declinat
1557 3938 1636 3978 aures
1650 3938 1715 3980 suas
1729 3941 1764 3980 ne
1776 3940 1826 3980 au·

1031 4008 1086 4061 diat
1104 4008 1190 4077 legent
1208 4009 1314 4064 :oratio
1328 4010 1387 4080 eins
1402 4013 1454 4065 erit
1472 4013 1639 4068 execrabilis.
1654 4016 1705 4083 Qui
1725 4017 1825 4086 decipit

1030 4098 1116 4168 justus
1130 4099 1156 4152 in
1177 4100 1217 4153 ria
1232 4101 1300 4155 mala
1315 4117 1322 4155 ι
1338 4101 1364 4156 in
1380 4101 1487 4157 interitu
1506 4119 1555 4158 suo
1566 4115 1677 4163 eorruet
1694 4125 1701 4160 ι
1717 4117 1747 4164 et
1760 4111 1825 4164 sin.-

1033 4189 1116 4258 pliees
1130 4191 1304 4261 possidebunt
1318 4203 1425 4248 terram.
1445 4195 1482 4265 ri.
1498 4198 1594 4252 darien.

1199 4281 1285 4337 Lectio
1299 4283 1368 4338 Libri
1383 4284 1469 4341 [iaedi
1484 4285 1561 4358 (Cap.
1573 4282 1588 4327 i
1602 4286 1659 4360 lt).

193 4387 255 4426 euna
275 4386 306 4427 ea
318 4386 372 4441 qaae
393 4385 442 4424 taos
463 4369 577 4425 docuisti
598 4370 876 4438 perrelnnarcrinrose
891 4372 978 4426 terris.
997 4404 1021 4462 D
1069 4369 1097 4424 ln
1111 4368 1161 4424 illis
1174 4371 1278 4426 diebus.
1291 4373 1432 4444 Postquam
1443 4387 1566 4433 creverat
1580 4379 1688 4450 Moyses
1699 4396 1825 4452 egressas

193 4463 274 4518 l'nter
287 4473 378 4517 noster
390 4461 436 4529 qui
456 4475 487 4514 es
508 4461 533 4513 io
549 4461 623 4514 celis·
641 4460 781 4515 llurniiiate
802 4476 849 4516 vos
871 4462 981 4517 benedi·

194 4554 287 4607 etiuni.
306 4553 433 4606 Dorrrittus
448 4550 481 4603 sit
495 4564 603 4618 semper
615 4551 760 4604 tultiscntn.
784 4551 820 4619 ti.
837 4553 877 4605 et.

230 4642 388 4696 Benedictio.
407 4639 583 4708 urrrntporern
601 4638 678 4694 iesus
688 4639 810 4696 Cleristus
824 4641 869 4709 proi
884 4643 984 4696 virtrtte

194 4733 314 4803 perterrtie
326 4746 376 4786 sue
396 4731 468 4784 cecis
490 4726 575 4784 riculis
597 4728 711 4796 prestitit
732 4731 908 4784 medicinam:
925 4730 982 4799 ipse

192 4825 287 4879 oeulos
301 4832 406 4877 restam
424 4819 458 4873 ab
478 4820 550 4873 omrai
564 4820 680 4874 enaritate
696 4828 809 4874 avertat.
831 4821 980 4889 Μυκη.

194 4920 228 4972 lit
246 4917 291 4987 qui
307 4914 344 4969 illi
359 4910 476 4982 prestitit
494 4925 524 4967 se
543 4910 570 4966 in
593 4913 705 4967 veritate
724 4927 888 4982 erigeroseere
902 4930 909 4968 a
925 4915 982 4983 ipse

191 5013 388 5066 cordavestra
413 5007 439 5062 iu
463 5008 505 5062 sui
528 5008 644 5062 numinis
668 5007 810 5064 dilectione
831 5009 981 5064 eortdrmet.

200 5102 238 5169 ti.
255 5104 350 5156 tlnren.
367 5100 471 5169 Quique
491 5112 521 5152 se
545 5111 593 5168 per
616 5100 667 5153 itoe
688 5099 843 5154 miraculum
867 5101 983 5156 ostendit

191 5191 387 5246 errrrrrirabiiem
412 5187 517 5260 populis
538 5205 545 5241 :
570 5189 627 5257 ipse
649 5203 695 5244 ros
719 5190 756 5243 ita
781 5190 851 5245 duno
875 5191 983 5262 impleat

231 5376 245 5404 ι
259 5372 289 5423 ln
299 5370 430 5424 eirtrrtiltta
440 5369 572 5441 facientes.
588 5370 658 5440 Lege
670 5372 696 5426 in
708 5372 840 5428 uirtutibus
851 5372 982 5442 sedendis.

231 5438 244 5475 ¹·
259 5438 308 5503 ont
321 5456 352 5493 ere
367 5439 456 5494 rriirile.
474 5440 536 5494 llaec
556 5456 628 5510 saepe
648 5450 742 5499 corsua
768 5442 984 5498 Priscillianistat

196 5510 337 5587 tnrrrleant,
352 5509 438 5563 iteum
458 5525 518 5565 csse
530 5509 609 5582 bajus
623 5513 722 5586 mundi
733 5518 882 5582 auctorem,
897 5512 983 5569 isonti·

197 5591 292 5643 trisque
305 5588 464 5633 erectiorem.

234 5657 246 5684 ι
260 5644 293 5700 in
306 5648 389 5701 terris.
406 5647 475 5717 lege
488 5649 513 5704 in
525 5660 617 5706 terena

1034 4462 1067 4515 ad
1086 4461 1182 4517 fratres
1193 4478 1255 4518 suus
1270 4482 1277 4518 ε
1291 4465 1358 4520 sidit
1370 4467 1540 4524 aillietienem
1560 4485 1652 4524 eururn
1670 4487 1679 4527 ι
1695 4483 1723 4526 et
1739 4475 1825 4530 airon

976 4602 983 4615 ,
1034 4554 1174 4624 Egyptium
1186 4559 1376 4624 perentintem
1396 4561 1537 4629 qrremdant
1553 4563 1586 4618 de
1600 4562 1716 4620 ilebreis
1737 4565 1826 4620 iratri-

1034 4647 1084 4702 bus
1098 4649 1165 4704 suis.
1178 4649 1297 4718 Cumque
1323 4651 1557 4723 circumspexisset
1579 4653 1631 4710 bue
1653 4665 1737 4727 atque
1750 4657 1826 4713 illue.

1033 4749 1061 4794 et
1075 4739 1175 4794 nullum
1188 4741 1283 4796 edesse
1298 4741 1408 4798 vidisset
1423 4759 1431 4797 :
1447 4759 1599 4813 percussum
1622 4747 1767 4818 Egyprienr
1781 4749 1828 4807 ab

1033 4826 1139 4882 seondit
1160 4829 1262 4884 sabulo.
1284 4829 1414 4902 Egressus
1434 4833 1479 4889 die
1499 4834 1580 4890 altera
1600 4840 1746 4907 correpunt
1758 4841 1830 4898 dona

1034 4919 1154 4974 liebrcus
1176 4920 1314 4976 rixantes:
1330 4922 1450 4992 dirituue
1462 4924 1487 4979 ei
1499 4926 1543 4994 qrri
1558 4926 1673 4992 iaciebat
1688 4928 1829 5000 injurians.

1033 5010 1120 5077 Quare
1134 5011 1251 5080 percutis
1266 5015 1414 5080 proximum
1430 5019 1520 5070 tuoni?
1531 5016 1580 5084 Qud
1596 5034 1648 5087 res¹
1658 5024 1738 5077 ondit
1750 5040 1757 5075 :
1770 5025 1830 5093 qais

1034 5111 1060 5156 to
1083 5104 1222 5157 constitnit
1243 5104 1360 5172 judicem
1381 5116 1454 5161 aaut
1479 5109 1625 5178 principem
1651 5127 1736 5181 super
1763 5118 1832 5169 nusi

1035 5192 1167 5264 Nurnquld
1186 5196 1310 5251 occidere
1333 5213 1376 5252 nte
1395 5209 1422 5252 to
1445 5200 1509 5253 riss
1524 5211 1592 5255 seut
1613 5203 1740 5259 occidisti
1761 5204 1831 5274 Egr-

1074 5375 1086 5415 ι
1102 5374 1135 5430 in
1146 5378 1212 5431 oium
1224 5387 1327 5432 rectum.
1346 5379 1415 5450 Lege
1429 5381 1453 5433 in
1470 5383 1509 5436 tia
1522 5394 1602 5439 rectu.

1074 5448 1165 5518 eCup.
1181 5446 1233 5501 tt
1243 5447 1305 5503 ttt.
1324 5450 1399 5505 i'ers.
1416 5450 1560 5520 ffltxrrtt,
1576 5454 1646 5510 l·ll.

1073 5517 1083 5556 ¹
1100 5517 1163 5582 cap.
1180 5517 1219 5571 ll.
1238 5517 1310 5573 Vera.
1325 5523 1412 5583 litu,
1431 5521 1502 5576 l·li.

1072 5588 1174 5643 sSirnt
1189 5590 1313 5644 occidisti.
1331 5591 1419 5661 llu'g.,
1436 5594 1499 5648 aient
1518 5593 1573 5650 lteri
1593 5596 1721 5654 recidisti.
