3794 6106
163 276 199 331 gs
890 293 1084 353 l‘ltAEFntto.
1769 326 1802 382 tto

153 388 262 458 aliquan
280 394 414 449 recusantis
432 395 533 448 incuria
546 399 649 454 ritiotm
667 409 691 455 et
704 400 860 471 semiplenos
872 424 956 464 cmen·
970 416 993 474 Α
1009 415 1088 482 rium,
1103 417 1326 490 benedictionale,
1339 425 1474 500 librosque
1486 433 1619 504 ordinum,
1633 441 1800 507 orationum,

154 483 229 536 derit
243 495 319 554 atqrte
332 487 489 554 conrpleoit:
504 490 564 543 itcm
579 491 672 548 librum
694 498 841 554 orationem
854 501 885 556 dc
900 505 954 574 scs·

153 572 300 626 ducatibus
322 577 474 649 crineque
489 576 617 635 Toletano
645 582 777 652 Ecclesia,
804 607 849 659 per
874 601 954 648 tottam

157 666 280 719 circadam
296 669 376 730 -anni,
398 680 436 725 eet
454 671 532 725 sulita
554 671 693 743 celebrare,
712 679 807 746 partim
831 681 899 752 stylo
913 686 953 738 sai

154 757 255 827 ingemi
268 759 458 830 depromptam,
475 766 571 833 partim
584 778 739 834 correnum,
753 773 780 825 in
795 789 874 828 ttttttm
890 792 952 831 con·

153 849 243 916 merit,
259 860 336 921 atane
355 850 478 908 Ecclesiae
493 854 542 910 Dei
556 858 655 922 osidae,
669 859 703 915 ab
717 879 831 919 airmrena
851 868 954 938 reliquit

153 950 252 994 soracte
267 943 412 1014 religionis.
428 945 533 1012 Quibus
553 960 666 1019 apparet
680 963 803 1010 sanctum
818 956 950 1014 lulianum

151 1028 236 1087 libres
260 1034 399 1104 liturgicus
424 1037 552 1098 Endeira
576 1057 632 1099 suaa
651 1044 793 1117 diligenter
820 1065 952 1121 recogno-

153 1124 234 1188 visse,
250 1136 333 1195 atone
354 1129 524 1188 emendasse.

188 1214 251 1269 275.
273 1217 331 1274 boo
344 1222 417 1275 enim
431 1237 515 1292 opera
528 1239 722 1285 conrmemurat
733 1231 820 1299 Felix,
833 1248 949 1303 qnorum

150 1307 269 1374 pritnum
293 1320 352 1364 erat
372 1312 436 1367 iiber
456 1317 604 1382 missarum,
619 1323 676 1375 sive
690 1320 807 1388 blissalc,
827 1324 898 1392 qood
922 1325 948 1380 in

150 1405 242 1465 partes
254 1409 372 1466 quatuor
381 1402 482 1467 divisit,
497 1415 535 1471 et,
549 1406 575 1461 in
586 1409 746 1477 quibusdam
760 1413 859 1480 missis,
875 1430 948 1470 arua·

150 1489 292 1544 renensium
314 1491 431 1560 incuria,
452 1496 575 1554 vitiatum
595 1502 766 1570 emendarit,
789 1515 817 1562 et
841 1507 868 1561 in
887 1507 948 1564 aliis

149 1577 249 1646 missis,
263 1597 325 1651 ottae
338 1585 493 1656 semiplenae
507 1599 585 1646 erant
603 1594 761 1664 complevit,
781 1611 828 1652 eas
842 1599 946 1655 oratio·

148 1684 196 1724 aes
210 1672 334 1730 arridendo
349 1693 409 1746 qiua
422 1678 587 1737 deiecerant.
602 1681 722 1752 integras
738 1695 828 1742 tatnen
851 1690 946 1745 missas

148 1775 231 1816 riorus
241 1761 379 1821 lulianum
392 1769 522 1836 adiecisse
535 1772 610 1828 Felix
622 1774 732 1832 titinirne
741 1778 859 1834 tradidit.

147 1865 211 1908 rere
235 1853 294 1922 ejus
319 1873 388 1924 oyes
410 1859 475 1914 iiber
499 1871 560 1917 erat
583 1867 749 1934 orationum,
773 1868 806 1922 de
819 1870 944 1941 [colicita-

147 1939 212 1996 tibaa
225 1945 301 2010 anni,
325 1947 382 2002 sire
396 1947 554 2007 sanctorale
569 1952 697 2013 breviarii
713 1955 848 2027 Toletani,
862 1975 942 2030 quem

146 2032 242 2089 lile-mn
266 2052 320 2092 non
342 2041 422 2094 incido
443 2045 607 2113 emendarit,
623 2048 765 2105 sedetiam
786 2053 871 2121 auxit,
895 2056 939 2112 ad·

144 2125 223 2192 iet-tis
242 2132 412 2187 orationibus
433 2137 614 2203 otiorumdam
635 2153 864 2213 sanctarumque
879 2145 942 2202 dee·

144 2227 204 2270 tacit
218 2218 271 2287 (a).

178 2305 243 2362 lib.
260 2307 311 2365 llis
327 2311 369 2367 ale
390 2313 442 2370 huc
455 2318 540 2373 sancti
555 2319 652 2377 loliani
667 2323 739 2381 idem
754 2324 837 2385 luisse
860 2338 941 2399 atoue

143 2395 207 2452 illud
228 2400 304 2468 quud
321 2400 430 2460 ilintate
453 2405 624 2467 Honoratum
648 2426 740 2483 postea
761 2416 863 2474 dictum
887 2430 938 2487 est,

144 2500 267 2546 asserere
290 2507 344 2548 troo
369 2496 465 2553 audeo.
491 2500 557 2556 Nam
577 2502 684 2562 bissula
707 2507 878 2566 Mozarabum
899 2523 940 2569 est

142 2578 261 2646 mulcete
285 2584 403 2648 mistum,
425 2589 482 2646 sire
505 2592 667 2662 plenarium,
691 2599 787 2668 qualis,
814 2610 844 2656 ut
862 2613 938 2673 puto,

142 2686 193 2726 nuri
208 2670 260 2728 leit
274 2673 344 2731 liber
366 2678 509 2736 missarum
529 2687 614 2740 sancti
628 2685 726 2744 iuliani
743 2690 802 2762 (d);
827 2701 855 2749 et
870 2709 937 2763 pre·

141 2769 213 2815 terea
228 2764 325 2820 missas
339 2767 421 2824 babet
435 2774 578 2831 nonnullas
599 2787 660 2846 post
674 2781 810 2837 excidium
833 2783 936 2858 [cxxvi]

142 2855 214 2921 regui
230 2854 382 2914 Gothorum
398 2866 570 2933 compositas.
595 2867 719 2926 httauren
735 2883 801 2943 puto
815 2874 935 2931 Mazara·

142 2942 186 2999 bes
199 2948 370 3016 midiguiores
393 2953 463 3010 libro
485 2957 567 3013 missa
583 2975 628 3014 am
648 2963 734 3018 sancti
754 2962 852 3021 Juliani
873 2983 936 3023 usos

1008 514 1034 559 ct
1049 523 1159 578 precum
1176 510 1317 583 baberent,
1337 528 1400 589 apte
1415 523 1626 598 ordinatiusque,
1648 528 1675 583 in
1688 530 1801 600 siugulis

1006 599 1103 665 miste,
1121 603 1155 657 ita
1172 605 1331 677 dispositos,
1357 622 1387 667 ut
1401 615 1465 669 nibil
1481 618 1513 672 ad
1528 621 1680 691 expeditam
1698 637 1799 697 ntysto·

1005 690 1027 744 ri
1049 708 1106 747 rurn
1129 698 1337 760 celebrationem
1357 706 1492 763 deiiceret.
1514 711 1621 768 hlissale
1645 715 1801 774 Honorabi-

1005 799 1065 837 enm
1092 803 1142 842 non
1163 794 1245 847 semel
1267 805 1375 852 auctum
1401 798 1482 855 lutee
1503 803 1630 860 credibile
1648 814 1700 876 est,
1722 808 1800 863 noris

1004 874 1165 940 quibusdam
1191 882 1277 940 irrisis
1301 890 1426 958 receptis.
1456 890 1707 966 Rubricasquoque
1731 914 1800 951 ιιοιι-

1003 963 1090 1020 nullns
1112 973 1276 1029 recentiores
1299 975 1452 1034 hlozarabas
1468 981 1597 1052 ntljecisse
1620 994 1742 1056 apparet,
1768 997 1798 1041 ut

1003 1064 1152 1129 negantum
1178 1083 1230 1121 uon
1249 1070 1372 1127 rideatur
1392 1075 1482 1143 plures
1503 1077 1638 1134 exstitisse
1656 1079 1701 1149 qui
1726 1079 1799 1134 illius

1001 1155 1190 1222 compositioni
1207 1174 1301 1215 titanis
1316 1163 1494 1222 adhibuerint.

1038 1271 1051 1344 ᾗ
1073 1271 1141 1328 xit.
1158 1274 1265 1331 liissole
1281 1278 1449 1338 illumi-noum
1469 1302 1526 1340 cnm
1542 1287 1615 1342 libris
1628 1264 1757 1360 liturgicis

998 1344 1001 1351 '
1227 1347 1371 1406 Grallicertt‘s
1392 1367 1566 1423 comparatur.

1034 1455 1098 1511 278.
1122 1458 1198 1516 Nunc
1221 1464 1327 1519 ‹ierimur
1362 1466 1479 1523 breviter
1504 1471 1537 1526 de
1564 1471 1638 1528 libris
1665 1474 1794 1543 liturgicis

999 1543 1143 1601 Gallicanis
1158 1549 1288 1606 ltactenus
1303 1554 1382 1609 editis
1396 1555 1537 1613 dicendum
1560 1570 1610 1638 est,
1626 1578 1693 1631 otrus
1712 1564 1793 1619 etiam

999 1651 1059 1690 carru
1076 1637 1176 1721 blissal't
1191 1639 1306 1697 liiuiruii
1321 1659 1480 1717 corrtparace
1494 1647 1577 1716 lubet,
1597 1651 1658 1707 inde
1673 1654 1745 1709 euim
1763 1663 1793 1710 et

868 1778 946 1837 Aliud
966 1775 984 1833 ῃ
1002 1733 1153 1798 praestandis
1168 1733 1282 1791 blissalis
1297 1739 1399 1805 uestri,
1413 1748 1440 1795 et
1454 1751 1583 1810 errantum
1599 1761 1642 1799 res
1657 1745 1790 1815 liturgica,

1000 1836 1053 1874 unu
1070 1823 1153 1878 modo
1167 1823 1356 1896 Hispanorum,
1370 1829 1418 1885 sed
1434 1829 1569 1889 Gallorum
1585 1836 1676 1903 etiam,
1692 1835 1791 1893 debeat

997 1910 1101 1980 optimo
1126 1916 1277 1988 cardinali,
1305 1919 1472 1989 splendidius
1498 1925 1651 1994 apparebit.
1677 1924 1790 1998 ,Septetn

995 2003 1107 2058 omnino
1121 2006 1147 2061 in
1163 2006 1250 2065 luceru
1273 2011 1430 2082 prodierunt
1444 2014 1504 2070 libri
1525 2017 1558 2072 ad
1573 2017 1707 2086 liturgiam
1727 2017 1790 2073 Gal·

995 2090 1109 2149 licauam
1127 2100 1305 2170 pertinentes,
1320 2113 1436 2172 qtmtuor
1449 2104 1509 2162 libri
1534 2106 1666 2176 blissales,
1683 2108 1790 2166 Lectio·

994 2187 1085 2242 ueritis
1109 2205 1188 2256 tirius,
1209 2199 1237 2247 ct
1257 2191 1310 2249 duo
1334 2193 1484 2264 llillciales,
1509 2197 1652 2255 admodum
1681 2202 1786 2256 breues.

993 2273 1226 2337 Eruitientissimus
1237 2282 1350 2359 [extiti]
1361 2285 1530 2355 Tlromasius,
1542 2292 1661 2347 onmium
1674 2293 1786 2362 primus,

992 2366 1164 2426 eGodieibus
1180 2369 1316 2429 Vaticanis
1332 2377 1373 2447 (d)
1390 2386 1444 2433 tres
1464 2379 1546 2435 libros
1569 2379 1691 2438 blissales
1705 2380 1787 2438 Galli·

991 2473 1073 2515 canos
1089 2459 1189 2528 Rtiatrae,
1205 2463 1476 2533 attitulationis.

1024 2571 1089 2628 eta.
1102 2573 1222 2640 Quorum
1234 2576 1279 2631 uui
1292 2575 1400 2633 Hiaralc
1414 2576 1560 2650 Gotbicam,
1578 2581 1655 2637 alteri
1675 2580 1785 2636 Hiereia

989 2661 1162 2730 Francorum,
1177 2665 1257 2721 tertio
1271 2665 1380 2723 llissalc
1392 2668 1555 2725 Gallicanam
1575 2680 1656 2735 octar,
1676 2674 1783 2726 titulum

988 2752 1110 2822 praeibit
1132 2755 1312 2825 blahilloains,
1329 2775 1389 2814 cunr
1401 2761 1427 2816 iu
1441 2764 1606 2820 munasterio
1619 2762 1782 2820 luxoviensi

986 2841 1133 2900 dunenses
1148 2843 1341 2903 lectionarium
1356 2849 1530 2919 Gallicanam,
1547 2854 1629 2910 hosce
1645 2862 1700 2909 tres
1719 2853 1782 2908 itis-

986 2939 1067 3004 sales,
1082 2949 1110 2995 et
1132 2941 1212 2998 simul
1226 2944 1323 3000 librmn
1351 2945 1560 3016 Lectionariurn,
1587 2949 1695 3008 Parisiis
1709 2967 1781 3007 araim

143 3049 198 3090 m
211 3038 250 3110 (c)
266 3039 292 3094 in
308 3042 422 3098 solemni
440 3046 583 3103 missuum
602 3052 796 3123 celebratione,
810 3065 838 3112 el
852 3073 885 3114 ex
901 3074 934 3116 eo
987 3028 1167 3087 tatianorum
1192 3035 1321 3104 vulgavit,
1338 3045 1364 3092 et
1379 3053 1448 3141 opos
1460 3040 1492 3094 de
1506 3038 1624 3112 Litargia
1644 3041 1782 3146 Gallicano

141 3133 317 3200 coiiipositum
333 3132 415 3192 luisse
428 3137 537 3196 ldissale
549 3143 601 3199 hoc
618 3145 738 3213 mistum,
757 3149 830 3220 quod
846 3149 933 3207 liuza·
946 3120 972 3188 c
987 3124 1131 3194 inse'iffl'
1147 3125 1218 3181 mem
1240 3142 1377 3195 ”unquam
1399 3138 1463 3184 ⁵³⁰⁸
1488 3130 1635 3187 laudamini
1654 3132 1777 3190 Milium

141 3219 255 3275 nbteum
271 3239 306 3278 au
319 3225 358 3280 it.

170 3308 233 3364 iii.
260 3315 374 3380 Quinam
396 3329 486 3375 autem
504 3323 570 3393 ejus
594 3330 791 3396 compositores
819 3331 931 3403 luerint,

140 3415 286 3469 procerte
309 3408 401 3466 dicere
426 3428 541 3484 rieqaeo.
566 3419 619 3474 Sed
642 3421 796 3492 quicunque
822 3424 930 3494 luerint,

141 3495 261 3552 rideretur
276 3499 310 3556 de
324 3517 375 3557 sao
396 3520 507 3574 operam
524 3514 711 3568 tantammodo
731 3525 758 3569 et
772 3514 931 3573 industriam

140 3587 291 3655 autitnlisse,
313 3592 462 3664 missasque
485 3599 520 3653 al)
536 3600 596 3657 aliis
609 3611 687 3657 autea
708 3607 872 3675 compositas
894 3610 929 3664 ita

139 3675 309 3746 disposuisse,
331 3694 359 3737 ut
380 3688 535 3743 sacerdotes
548 3705 625 3747 sacra
645 3695 768 3763 privatim
789 3695 928 3766 iacientes,

138 3777 161 3825 et
183 3772 231 3839 qrri
257 3773 284 3826 iu
310 3777 434 3834 eeclesiis
456 3783 590 3840 ruralibus
608 3794 637 3840 et
660 3789 771 3844 iiiitiime
794 3792 929 3860 opulentis

138 3862 333 3930 movebant,
347 3871 443 3937 utribus
458 3873 586 3929 librorum
602 3886 630 3930 et
645 3878 828 3935 ntiuhtrorum
850 3884 927 3951 copia

138 3951 236 4022 decrat,
251 3959 279 4012 iu
293 3959 345 4016 hoc
360 3979 415 4030 uuo
430 3963 498 4020 libro
520 3964 735 4034 lectionarium,
756 3971 930 4042 Antiplioua..

165 4132 204 4203 (a)
221 4132 326 4194 [leboc
341 4139 484 4206 uolumine,
499 4158 533 4199 an
548 4144 635 4201 adbuc
650 4148 768 4214 strpersit
781 4149 808 4203 iu
823 4148 926 4205 biblio·

137 4199 208 4257 theca
232 4203 311 4261 Eee¹e
328 4209 358 4262 ine
375 4208 521 4279 Toletano,
546 4217 656 4272 consule
677 4218 814 4274 Nicolaum
837 4221 924 4274 Atttn·

136 4270 216 4340 niurn,
233 4273 291 4329 Bih.
308 4287 363 4333 vet.
384 4279 460 4350 llisp.
483 4286 500 4336 l.
517 4300 543 4346 v,
559 4300 583 4339 c.
606 4285 632 4352 7,
650 4303 676 4342 n.
703 4286 765 4350 ll5,
783 4303 843 4358 pag.
860 4291 922 4345 509.

165 4339 203 4414 (dt
234 4343 349 4410 blisalia
376 4354 472 4418 orista,
499 4356 555 4409 sive
584 4356 720 4425 plenaria,
749 4370 813 4413 ante
839 4375 923 4415 saeu-

135 4408 182 4465 luur
198 4429 259 4480 sttt,
283 4419 309 4473 in
326 4434 374 4474 usn
391 4419 471 4479 inisse
485 4425 582 4489 giriibat
605 4426 850 4485 Sarratuentariutu
871 4431 923 4485 Bri·

135 4479 232 4549 biense,
255 4489 327 4554 atiud
352 4494 410 4559 ajars
436 4507 504 4561 ιιι-ιο
520 4495 542 4548 is
566 4504 617 4552 est.
644 4496 782 4566 Ejusmodi
807 4500 922 4556 ttissatta

133 4554 314 4613 sacerdotibus
336 4565 469 4626 priuatim,
495 4565 553 4619 stae
580 4567 763 4622 rrriaistrorum
789 4585 922 4626 coticur-tr

132 4633 203 4678 tac=a
219 4624 388 4696 iacientibus,
411 4650 465 4685 riou
490 4636 569 4688 nitido
585 4639 725 4692 crirruuozla
739 4647 821 4708 atque
837 4641 921 4710 utilia,

131 4695 171 4746 sed
187 4693 272 4751 lertne
295 4705 444 4756 benemoria
466 4714 553 4758 erant.
570 4706 677 4772 Quare,
698 4724 758 4763 curn
783 4711 852 4774 atiud
867 4710 920 4766 Gn·

132 4763 336 4835 tbn-llispanos,
352 4788 428 4827 sacra
451 4776 576 4844 privatior
591 4775 680 4833 iacere
700 4780 808 4834 so'ituru
830 4781 920 4850 interit,

130 4835 255 4891 credibile
269 4849 310 4894 cst
330 4841 445 4899 dli-salia
461 4846 538 4899 orista
562 4847 633 4916 agario
657 4864 704 4903 cos
719 4849 744 4903 in
760 4867 810 4904 usu
827 4848 919 4907 luisse.

131 4898 226 4960 Tamen
241 4923 295 4962 nou
311 4923 375 4980 puto
391 4913 485 4968 librum
503 4916 643 4970 missarum
659 4933 673 4971 a
695 4930 789 4972 sanctu
813 4919 919 4977 loliano

130 4978 307 5045 ccttrniatum,
334 4986 443 5038 inistrun
467 4984 560 5047 luisse,
588 4999 642 5039 tritu
660 4990 722 5057 apitii
748 4991 825 5045 Tulit
851 4993 920 5048 lmac

129 5044 278 5108 utilitatem
299 5067 351 5105 uuir
376 5058 599 5123 puetertrrisissrt,
620 5066 675 5112 trun
694 5062 846 5186 etintrrluin
858 5079 919 5117 san·

130 5122 182 5167 ctus
200 5114 324 5174 Julianus
348 5124 442 5178 librum
468 5129 608 5181 niissaoim
630 5128 663 5181 ad
689 5148 765 5185 usum
803 5132 919 5188 'eclesiae

130 5176 259 5242 'iulatione
266 5195 467 5250 ememlarerat.
476 5195 504 5252 lu
516 5198 741 5264 splendidioribus
750 5218 813 5257 vere
822 5202 917 5259 uecte-

129 5251 179 5318 eiis,
197 5259 223 5311 in
238 5261 336 5327 quibus
348 5275 407 5319 etat
422 5281 561 5320 sacrorum
585 5269 712 5324 lituorum
737 5281 765 5325 et
781 5273 917 5328 nitrosae-

129 5335 180 5377 rour
195 5331 281 5398 copia,
299 5334 470 5389 iulroucstum
485 5336 637 5391 habebatur
651 5349 678 5393 et
693 5343 830 5397 sordidum
854 5346 910 5399 mis·

128 5395 177 5447 sale
191 5400 298 5454 auidum
314 5405 389 5458 attari
404 5408 566 5471 amiternae,
582 5411 644 5462 dttu
661 5413 740 5466 attissa
761 5414 916 5470 solenniter

126 5475 176 5516 etti·
187 5467 275 5522 lialttc.

157 5541 192 5604 lc)
208 5536 365 5597 lirimrralres
380 5547 524 5613 proriueiae
540 5547 677 5605 Tul-tame
691 5551 758 5606 libro
774 5555 913 5611 ritissarntn

124 5608 203 5683 tanco
217 5608 317 5667 iuliani
332 5616 445 5686 atiistpte
460 5617 580 5686 ejttsdem
597 5619 724 5677 Ecclesia
741 5625 813 5680 libris
836 5626 912 5682 litur-

122 5677 183 5751 gicis
206 5680 270 5735 iistis
294 5699 353 5738 essu
376 5698 481 5742 certum
507 5686 624 5745 ridetur.
651 5691 807 5750 hlozarabes
835 5713 911 5764 vero,

121 5758 172 5801 att'c
199 5748 344 5822 dispones,
372 5757 416 5826 apti
441 5759 600 5814 Girristianis
627 5763 790 5833 principibus
812 5767 910 5824 sirlitliti

986 3215 1045 3271 nius
1056 3216 1082 3270 in
1094 3218 1258 3273 ritonasterio
1273 3218 1398 3274 llobieusi
1411 3221 1512 3275 invenit
1522 3222 1616 3276 librum
1632 3222 1775 3288 blissalem,

983 3323 1063 3377 quiem
1079 3308 1105 3362 in
1119 3310 1235 3364 secunda
1250 3320 1326 3380 parte
1340 3313 1381 3366 sui
1397 3311 1486 3366 thesei
1503 3314 1586 3370 lta'ici
1600 3315 1692 3382 edidit,
1709 3331 1777 3386 prro·

983 3401 1065 3456 misso
1076 3401 1152 3456 tilulo
1168 3402 1406 3458 Sacramentacr'arn
1426 3403 1599 3462 Gallicanum.

1016 3512 1079 3568 28⁰.
1099 3513 1219 3584 Denique
1238 3515 1409 3573 eruditissimi
1436 3520 1485 3574 riri
1500 3519 1655 3578 Eilrnundns
1678 3521 1776 3579 blacte-

982 3604 1050 3667 nius,
1067 3613 1094 3657 rt
1110 3603 1221 3661 Ursitms
1246 3606 1396 3678 llorantlos,
1413 3609 1439 3664 in
1455 3619 1528 3667 torno
1545 3611 1618 3668 Vsui
1643 3611 1772 3670 Thesauri

981 3698 1041 3750 novi
1053 3696 1265 3763 hrtecdoturunr,
1286 3713 1302 3753 e
1322 3714 1371 3754 ms.
1388 3698 1487 3756 Codice
1507 3711 1638 3759 monaster
1646 3704 1662 3759 li
1688 3707 1774 3760 sancti

980 3786 1085 3841 hlnrtini
1098 3790 1356 3859 dangu-teilnnensis,
1369 3793 1436 3848 duas
1450 3796 1577 3863 epistolas
1592 3797 1710 3864 edidere,
1726 3814 1774 3854 cs·

979 3879 1150 3948 plirntthueur
1161 3884 1303 3950 tgtrarndam
1313 3884 1423 3953 liturgico
1437 3883 1582 3943 Gatheatas
1593 3891 1772 3946 continentes.

980 3970 1075 4026 Primae
1091 3974 1184 4028 irarum
1209 3979 1384 4046 epistolarum
1400 3997 1449 4048 pro
1463 3981 1540 4037 titulo
1555 3992 1597 4038 est
1614 4003 1619 4035 :
1636 3983 1772 4049 Quomodo

978 4141 1064 4197 eraut,
1091 4134 1117 4187 in
1142 4134 1227 4190 saeris
1249 4132 1345 4189 diliciis
1372 4136 1454 4191 libros
1478 4136 1618 4201 liturgicus
1644 4139 1772 4198 Ecclesiae

980 4201 1115 4256 Toletano
1139 4203 1303 4272 adhibuisse,
1330 4205 1460 4260 lrahenms
1478 4221 1511 4263 ex
1538 4207 1608 4262 [ιιι
1635 4209 1768 4272 Tmleusi.

997 4275 1032 4335 ui,
1048 4289 1101 4328 ara
1117 4274 1185 4339 828,
1209 4290 1280 4329 anno
1305 4276 1407 4330 scilicet
1430 4276 1529 4332 Gbristi
1555 4277 1626 4345 abo,
1650 4281 1767 4337 scribit:

976 4289 1122 4413 iidelonsos
1143 4358 1230 4399 cassas
1245 4384 1263 4399 ..
1284 4363 1383 4401 ominem
1398 4344 1540 4403 Gothorum
1559 4349 1687 4418 ordinem,
1704 4353 1769 4406 sicot

980 4413 1067 4470 Toleto
1088 4420 1164 4485 ierat,
1180 4427 1233 4470 tarn
1247 4418 1273 4470 iu
1288 4418 1406 4479 ecclesa,
1422 4436 1499 4490 qinom
1522 4422 1548 4474 in
1562 4421 1671 4492 palatio,
1689 4419 1769 4481 Ocelo

941 4485 963 4544 l)
976 4485 1033 4553 ficri
1049 4487 1186 4540 ortliamit.
1203 4486 1234 4540 Et
1250 4503 1341 4542 rirrsus
1353 4502 1435 4552 ageos
1449 4489 1482 4544 de
1496 4500 1583 4544 morte
1594 4489 1767 4554 Ferdiuatnll.

962 4568 1052 4622 ·cogu
1065 4567 1156 4610 inemo
1174 4558 1268 4620 lingui,
1291 4555 1379 4612 Ca=tel
1392 4575 1415 4612 ae
1430 4567 1457 4614 et
1474 4559 1597 4626 Legionis
1618 4563 1697 4629 regis,
1721 4567 1768 4634 «ptri

974 4640 1045 4678 atauo
1065 4627 1199 4681 cincinni
1224 4626 1259 4680 tta
1276 4629 1363 4682 obiit:
1381 4628 1413 4683 In
1428 4631 1484 4701 ipm
1497 4630 1591 4686 celebri
1615 4631 1768 4690 Natiuitatis

976 4695 1079 4750 Donnini
1105 4708 1188 4765 crocia,
1212 4714 1269 4751 cnm
1294 4700 1381 4752 clerici
1407 4702 1497 4771 sentiro
1523 4718 1593 4757 more
1619 4705 1767 4760 natalitiam

973 4771 1126 4821 nrrrlatinnm
1150 4778 1281 4833 coercerent,
1304 4770 1379 4839 offuit
1397 4774 1464 4825 inter
1487 4789 1531 4826 eos
1545 4774 1664 4829 dominus
1682 4792 1764 4830 cca...

971 4838 1073 4891 aduertit
1085 4839 1156 4892 nobis
1172 4856 1268 4907 acratas,
1284 4857 1358 4911 quaem
1378 4850 1437 4895 torric
1453 4845 1573 4911 tentporis
1593 4861 1664 4901 anne
1679 4861 1765 4900 rote-

973 4925 1043 4963 rano
1063 4911 1199 4975 ιαηιὺιιιι,
1220 4911 1409 4967 artccenturibnn
1430 4915 1645 4982 respondentibus
1670 4933 1765 4971 enunt-

972 4996 1025 5033 mst
1040 4997 1136 5045 onnes,
1152 4996 1194 5045 out
1216 4997 1350 5038 tuutctuts
1365 4999 1482 5038 asanaa.
1503 4984 1531 5038 lu
1556 4986 1693 5041 llreviacio
1708 4987 1766 5066 hlo-

971 5054 1106 5116 natalitius,
1123 5053 1156 5106 ad
1170 5068 1196 5106 m
1207 5055 1317 5107 rtutiuas
1330 5054 1434 5121 latiales,
1460 5054 1503 5108 die
1523 5055 1624 5110 Natalis
1644 5055 1760 5139 domitu,

970 5130 1030 5190 pret
1046 5125 1179 5177 cantione
1197 5121 1358 5183 Bertedictttt,
1372 5127 1457 5179 adbuc
1473 5126 1542 5179 idem
1555 5141 1683 5206 uersusotu
1699 5143 1764 5209 sotto

969 5193 1083 5259 curritur,
1104 5209 1164 5262 qttae
1184 5195 1330 5250 ostendunt
1350 5193 1495 5266 Hispanos,
1518 5204 1571 5248 tatu
1586 5196 1635 5249 suh
1650 5212 1763 5266 ttttperto

968 5262 1184 5327 Saracenorum,
1211 5279 1290 5336 quam
1316 5267 1366 5319 sub
1391 5266 1554 5347 principibus
1579 5264 1760 5352 Christianis,

967 5334 1105 5401 elegentes,
1133 5336 1205 5389 :ilicis
1223 5336 1354 5403 liturgicis
1377 5335 1515 5391 Toletanis
1539 5351 1565 5390 m
1593 5339 1673 5391 missa
1694 5347 1721 5393 et
1736 5356 1763 5395 tu

967 5403 1062 5460 uiliciis
1076 5407 1264 5462 ecelesiasticis
1279 5422 1341 5460 usos
1353 5421 1421 5460 esse.
1624 5436 1625 5441 κ

1001 5475 1040 5547 (d)
1056 5475 1086 5530 lli
1100 5487 1153 5531 tres
1168 5476 1288 5532 blissales
1308 5475 1397 5530 librie
1421 5475 1587 5533 Bibliotheca
1603 5481 1761 5535 monasterii

965 5543 1145 5601 Tionareusis
1173 5547 1206 5600 ah
1234 5545 1415 5615 llrrgonmtis,
1436 5565 1508 5604 acino
1537 5548 1630 5617 teta,
1656 5551 1760 5620 direpta

965 5617 1056 5679 ablani,
1071 5620 1144 5670 varia
1159 5615 1275 5680 lectuna,
1292 5618 1317 5670 in
1332 5617 1464 5675 htutiothe
1481 5637 1523 5674 ari
1540 5621 1696 5675 b'atiranam
1712 5639 1760 5673 rr·

964 5701 1037 5742 uere
1053 5686 1120 5742 Vide
1147 5686 1248 5753 llaltil,
1263 5688 1296 5744 de
1311 5687 1361 5744 Lit.
1378 5691 1485 5762 Gallie,
1501 5695 1525 5748 in
1541 5695 1614 5765 prael.
1630 5702 1698 5747 sect.
1715 5692 1758 5744 ld.
