3794 6106
156 215 205 272 :itt
508 210 653 269 missust:
671 208 805 266 tlixluii
825 205 901 263 ΒΕΘ.
921 206 1001 263 iilic.
1024 207 1053 262 ll.
1075 205 1207 264 istnoui.
1227 235 1263 249 -
1280 207 1369 265 Palis
1388 208 1422 266 ll.
1736 214 1790 274 asp

151 324 205 364 non
225 320 345 378 spernas.
368 304 473 361 adsum
486 304 557 359 enim
580 303 677 358 benite·
692 299 853 357 sanctissimi
870 317 877 353 ι
899 299 943 370 qui
958 304 982 362 Α
997 296 1038 354 nis
1051 298 1158 354 inimice
1183 297 1290 354 damma
1312 299 1458 356 enullavit:
1473 307 1501 357 ei
1515 299 1542 356 is
1563 299 1712 360 celestibus
1732 307 1794 364 tie:

152 399 242 457 aurioli
258 398 333 454 stolis
349 396 407 466 aqui
423 395 552 464 sanquine
566 393 627 449 iotis
639 393 723 448 altare
741 402 815 447 tunm
829 391 946 447 circum·
998 388 1084 443 sancis
1097 400 1212 443 massam
1222 388 1342 459 eiusdem
1357 390 1473 446 fornacis
1497 389 1569 463 lgtris'
1586 392 1728 451 condidit:
1746 397 1794 468 qui

139 488 219 542 tdare
236 484 360 538 calcans:
376 489 405 536 et
422 482 505 536 sacris
519 478 674 534 muneribus
689 478 832 533 bonorare.
846 477 948 547 Quibus
997 477 1111 531 rorarii.
1126 477 1252 532 bibentes
1262 477 1333 533 enirn
1347 477 1464 534 bdelium
1475 478 1626 534 arrisuar'utn
1641 479 1724 536 ardor
1748 492 1794 541 tau

139 555 290 706 'quodlibet
314 572 432 630 omnium
457 574 486 627 iu
507 581 534 628 te
556 571 722 627 credentium
745 567 888 641 gerendam
907 568 947 622 in·
997 580 1089 621 amore
1101 579 1247 621 succensus
1264 566 1514 623 :sanctificatorum
1529 583 1672 639 corporum
1690 569 1795 628 lerebat

150 668 274 742 junxeris
287 680 379 722 euram
397 683 403 720 :
420 659 484 720 iiic
499 663 658 733 peculiarius
671 663 777 718 lucn'et
792 660 889 731 populo
903 675 948 716 re·
997 657 1148 713 incendium
1165 677 1172 712 :
1189 673 1257 728 quos
1267 673 1296 715 se
1311 660 1405 730 utique
1418 675 1472 714 non
1485 661 1615 717 exinaniri
1628 680 1635 715 :
1650 662 1699 719 sed
1713 664 1795 724 clari.

138 722 313 835 Jnerabilium
332 755 504 826 reliquiarum
532 755 665 824 presentia
686 762 699 790 ⁸
717 761 897 808 consecratu:
918 759 947 808 st
997 751 1071 808 licari
1093 767 1173 822 posse
1185 753 1300 823 amplius
1313 751 1477 809 confidebat.
1499 752 1681 810 sacunino
1703 756 1794 817 acrius

135 840 279 905 'assistere
296 853 325 903 et
345 845 477 916 opitulare
491 845 583 912 iubeas
598 843 655 900 ilex
675 856 781 899 surnme
795 856 945 912 precamur.
998 842 1088 900 Sancti
1105 840 1220 913 Spiritus
1240 844 1331 898 calore
1346 843 1479 899 terrentes
1496 853 1624 901 :terrene
1641 846 1793 906 adustionis

154 941 230 997 Nunc
247 938 295 999 illu
309 936 474 993 Fructuosus
488 944 549 992 tuus
567 935 593 991 in
607 933 844 997 ,commendatione
862 931 947 988 nostri
996 934 1108 989 materia
1123 935 1415 1003 cingereuiurzeainde
1426 933 1548 991 dammas
1558 936 1608 992 sibi
1623 936 1756 1008 deputant
1766 940 1793 995 in

154 1045 187 1088 aa
201 1031 284 1086 totins
297 1027 384 1098 plebis
396 1026 474 1097 hujus
488 1025 590 1081 lructus
602 1038 711 1080 suorum
723 1025 826 1094 inperat
837 1022 947 1079 merito·
996 1024 1110 1082 larilias.
1120 1025 1173 1084 Sed
1186 1028 1301 1085 iaciebat
1314 1030 1364 1086 hac
1373 1029 1521 1084 sustinendi
1531 1033 1616 1086 sirius
1628 1048 1635 1084 τ
1647 1047 1702 1086 non
1714 1047 1794 1089 uren·

153 1135 223 1179 rum.
239 1123 315 1178 Nunc
330 1119 443 1191 Apurios
461 1126 489 1174 et
508 1117 636 1188 Eulogius
649 1114 810 1171 immaculati
830 1113 868 1170 tui
882 1127 945 1169 san·
995 1116 1022 1172 di
1033 1117 1162 1175 delectus.
1175 1118 1242 1175 Cum
1253 1119 1435 1175 lnilrmitatem
1447 1122 1537 1175 carnis
1551 1120 1617 1176 lldes
1630 1122 1790 1178 excederet:

152 1212 267 1286 quistisb
283 1214 436 1270 ministrent
451 1211 574 1281 poculum
588 1209 758 1267 credentibus
776 1209 803 1264 ln
821 1207 943 1263 salutent.
996 1222 1049 1263 nors
1069 1209 1122 1263 ritca
1141 1224 1189 1265 sua
1205 1219 1298 1267 natura
1313 1210 1381 1281 ipnis
1395 1210 1542 1267 amitteret.
1565 1210 1692 1282 lrnposita
1707 1226 1790 1287 super

153 1306 189 1363 iit
202 1316 256 1360 tam
270 1303 418 1359 victricium
434 1302 531 1357 ducum
547 1301 589 1358 rel
602 1300 699 1356 emditi
713 1297 866 1370 magisterio
880 1316 887 1352 ι
902 1297 945 1354 sel
995 1297 1133 1356 ardentem
1147 1301 1215 1372 iguis
1226 1310 1327 1356 struem
1344 1300 1464 1356 membra
1476 1301 1642 1357 tabescentis
1655 1303 1789 1373 liquesce·

153 1399 251 1457 virtute
263 1397 366 1454 defensi
383 1414 390 1449 ε
408 1408 456 1452 rtec
470 1393 635 1465 presentium
650 1407 698 1463 pro
712 1401 759 1448 tuo
778 1391 886 1446 nomine
901 1403 945 1460 pe·
996 1389 1073 1446 bant:
1083 1398 1111 1446 et
1122 1398 1259 1448 contracte
1270 1390 1403 1448 uiscerum
1415 1401 1504 1461 partes
1513 1391 1694 1447 crescentibus
1703 1391 1790 1448 ineu·

152 1497 246 1548 aarum
259 1489 401 1545 iormldine
411 1498 559 1544 terreamur
570 1503 577 1539 :
589 1499 640 1542 nec
654 1485 801 1540 iutnrorum
814 1482 944 1539 bonorum
996 1480 1076 1538 saulis
1089 1480 1251 1538 carbonibus
1269 1482 1438 1538 inherebant.
1459 1483 1532 1538 luter
1545 1482 1681 1539 ambustos
1700 1493 1789 1542 sumu

151 1591 275 1638 extorres
290 1591 479 1649 usquequaque
493 1575 647 1632 reddamur.
668 1574 707 1643 ri.
722 1576 819 1629 Antea.
995 1572 1184 1629 mistnseineri
1191 1573 1299 1644 sanginis
1306 1572 1494 1628 lnmabatzsed
1504 1572 1638 1629 euntesad
1648 1573 1789 1630 burdinum

187 1671 252 1728 Post
274 1670 389 1726 namins.
420 1668 520 1723 Oratio.
548 1666 649 1723 adesto
671 1664 751 1720 nobis
774 1662 944 1733 omnipotens
958 1666 983 1727 Β
995 1663 1084 1718 auimo
1099 1661 1158 1732 plus
1170 1663 1303 1719 calebant.
1318 1663 1346 1719 ln
1358 1663 1456 1733 qulbus
1466 1677 1515 1733 pro
1529 1663 1789 1736 societatecorporis

152 1766 224 1821 Deus
236 1782 242 1818 :
254 1764 414 1819 Sanctorum
429 1768 535 1817 tuorum
552 1756 708 1814 Fructuosi:
722 1755 812 1827 agurii
827 1773 833 1807 :
848 1762 876 1809 et
889 1752 942 1808 Fu·
993 1753 1079 1823 potuit
1089 1752 1165 1809 dolor
1179 1755 1294 1825 essequl
1318 1761 1458 1825 tangeret:
1480 1768 1533 1810 non
1549 1757 1636 1825 potuit
1658 1769 1720 1812 esse
1743 1755 1789 1827 qul

151 1856 212 1926 logii
237 1851 424 1923 triumphalem
447 1849 646 1907 celebrantibus
667 1849 738 1904 diem
755 1865 762 1901 :
777 1857 804 1902 et
826 1845 942 1902 leticiam
993 1842 1123 1900 vinceret.
1138 1845 1205 1900 iluru
1221 1845 1275 1900 illis
1285 1844 1368 1901 diuini
1383 1845 1508 1916 adjutorii
1521 1847 1621 1903 uirtute
1635 1856 1787 1917 prestatur:

150 1943 310 2016 spiritalium
325 1942 413 1997 tribue
426 1939 583 2012 gaudiorum
602 1954 608 1992 :
628 1936 778 1994 concedens
792 1950 884 1991 eorum
899 1933 940 1989 in·
993 1933 1173 2003 utep'uspene
1198 1936 1387 2005 superaverint
1404 1934 1610 1991 crudelitatem:
1642 1935 1720 2005 cnjus
1736 1949 1790 1990 una

151 2034 314 2091 terecssione
338 2030 451 2100 sepultis
472 2029 592 2099 requiem
618 2045 624 2082 :
651 2025 874 2096 olierentiumquc
894 2023 942 2079 tibi
993 2025 1139 2081 timuerunt
1154 2027 1318 2096 passionem.
1345 2027 1459 2100 liipuum
1484 2028 1639 2084 ammodum
1662 2042 1717 2100 quo
1739 2027 1790 2085 lla·

151 2125 310 2194 corporibus
328 2121 495 2191 sospitatem.
518 2119 638 2187 erorum
662 2118 701 2174 sic
727 2116 793 2172 isdes
815 2111 943 2171 membris
993 2117 1064 2174 breis
1079 2117 1169 2187 pueris
1197 2119 1292 2175 azarie
1319 2128 1348 2176 et
1371 2120 1515 2176 comitibus
1536 2120 1595 2191 ejus
1617 2121 1715 2177 similis
1739 2134 1791 2178 rus

149 2215 212 2286 ique
235 2212 420 2270 decidentibus
442 2211 509 2266 arsit
528 2227 535 2263 t
559 2218 588 2266 nt
611 2210 742 2264 sentirent
763 2204 944 2276 corruptibilis
993 2207 1083 2263 diriua
1095 2208 1232 2280 signaret:
1248 2210 1293 2279 qui
1308 2211 1336 2266 iu
1351 2213 1456 2268 camino
1475 2212 1613 2283 Babylonii
1627 2211 1790 2284 lieqiaiilesi

152 2316 247 2362 nature
261 2304 395 2361 delectum
411 2312 461 2358 :et
474 2303 610 2358 nescirent
622 2299 729 2357 celestis
741 2297 823 2355 animi
839 2305 944 2354 mutare
992 2306 1073 2369 atque
1085 2299 1172 2353 securi
1185 2317 1191 2352 ι
1204 2312 1274 2353 noro
1288 2299 1382 2356 laudes
1397 2311 1455 2357 tuas
1469 2301 1589 2358 carmine
1600 2301 1789 2357 decantantes:

150 2397 327 2469 propositum.
346 2396 384 2466 si.
400 2398 496 2453 lmen.
994 2388 1122 2459 angelico
1139 2399 1219 2460 atque
1244 2389 1337 2451 celesti
1356 2390 1448 2447 oliicin
1476 2393 1685 2450 clamaverunt:
1708 2401 1792 2465 atqua

184 2490 265 2561 311
280 2489 321 2545 Ad
335 2502 433 2558 punem.
451 2485 553 2540 Oratio.
566 2483 636 2540 licus
649 2497 703 2540 stne
716 2492 745 2538 et
758 2480 856 2537 Trine:
876 2480 942 2537 sim·
993 2483 1121 2540 diaerunt
1136 2502 1142 2538 :
1159 2485 1284 2545 Sanctus.
1300 2485 1427 2543 Sanctus.
1440 2486 1567 2543 Sanctus.

149 2582 209 2653 ples
225 2590 251 2636 et
263 2579 356 2651 juste:
371 2576 547 2633 ammirabilis
560 2584 587 2632 et
598 2574 739 2646 preclare:
764 2587 843 2641 quem
858 2571 944 2628 socie·
1030 2572 1095 2630 Post
1110 2574 1233 2633 Sanctus.
1246 2576 1435 2634 Veresanctus
1445 2588 1472 2634 et
1484 2578 1660 2634 ammirabilis
1672 2595 1704 2636 es
1718 2580 1791 2639 llus

149 2684 190 2729 tas
205 2672 249 2729 illa
266 2673 335 2727 trina
345 2679 374 2727 et
388 2668 501 2725 ludirisa
514 2668 673 2724 Sanctorum
689 2664 827 2720 Fructuosi
843 2681 850 2719 :
872 2663 945 2733 Apu
996 2677 1101 2720 summe
1118 2667 1183 2734 :qui
1204 2675 1230 2721 te
1252 2667 1278 2721 in
1293 2667 1335 2730 bis
1349 2668 1433 2724 tribus
1448 2668 1552 2724 Sancus
1569 2687 1575 2722 :
1595 2670 1714 2740 perlecta
1732 2671 1795 2729 'lsi-

149 2763 182 2818 rii
196 2781 203 2817 :
220 2771 248 2818 ct
260 2760 365 2832 Eulogii
382 2778 389 2812 ι
416 2761 456 2814 sic
469 2757 545 2813 uuita
558 2755 647 2811 laudis
660 2770 726 2811 soce
740 2755 810 2810 inter
823 2752 944 2810 llammss
996 2754 1089 2811 nitatis
1100 2757 1189 2813 sanitas
1200 2757 1401 2837 demoqstrasti.
1415 2760 1474 2816 llon
1486 2777 1628 2831 corporum
1645 2764 1793 2823 risibiliuas

148 2852 343 2909 concelebrat:
366 2860 396 2905 ιιι
418 2848 565 2919 quamlibet
582 2856 676 2903 exarata
699 2845 806 2916 ignibus
824 2841 944 2898 membra
994 2844 1232 2904 dissimilitudine:
1252 2840 1300 2905 sed
1321 2852 1395 2906 unita
1418 2853 1547 2908 mentium
1560 2854 1708 2910 voluntate.
1731 2855 1793 2912 lion

148 2943 305 2999 deciderent
321 2958 327 2994 :
342 2954 436 2995 eorum
451 2932 943 3003 tamenanimedisiaollaateSpiritn
995 2934 1144 2993 ollciorum
1169 2939 1325 2996 distantium
1355 2943 1451 2999 ordine
1473 2961 1479 2997 ι
1505 2944 1554 3000 sed
1577 2947 1792 3006 concertantium

148 3033 208 3102 pius
222 3031 349 3086 calerent.
366 3026 489 3082 Concede
499 3023 577 3081 nobis
586 3032 691 3079 tuorum
701 3023 846 3094 llartprum
858 3022 940 3077 inter·
952 3025 977 3090 c
990 3025 1103 3083 militurn
1128 3029 1299 3100 inseparabili
1329 3031 1473 3089 charitate.
1498 3034 1556 3090 Non
1582 3044 1684 3096 etatum
1708 3036 1793 3093 alter·

147 3120 289 3180 cessione:
314 3126 344 3174 ut
365 3132 414 3189 per
427 3115 581 3189 quotidiana
602 3123 753 3186 temporum
780 3113 945 3169 incrementa
994 3117 1113 3172 nantium
1128 3124 1250 3189 tempore
1275 3120 1346 3176 :sed
1366 3122 1515 3178 sasimorum
1535 3123 1733 3194 persistentium
1751 3127 1794 3181 in-

148 3214 231 3271 tuain
246 3211 345 3268 nostris
369 3209 496 3266 cordibus
511 3206 619 3264 dilectio
644 3208 778 3262 coalescat
795 3223 802 3260 :
826 3204 945 3261 ebaritas
994 3206 1112 3265 discreta
1126 3210 1235 3268 virtute.
1251 3210 1390 3268 condecet
1410 3214 1481 3270 enirn
1495 3225 1522 3269 ut
1539 3215 1585 3286 qul
1598 3215 1667 3271 bella
1684 3216 1793 3272 bantini

147 3302 252 3361 lerrcat
267 3320 273 3357 :
288 3315 319 3356 ac
332 3300 398 3371 lcpis
414 3308 459 3354 tue
472 3298 612 3354 meditatio
625 3296 804 3352 convalescat.
821 3295 854 3351 lit
867 3293 944 3351 odio·
994 3300 1141 3369 preliantur
1154 3303 1216 3358 sui:
1244 3318 1336 3360 seeum
1354 3304 1434 3376 llepis
1455 3306 1600 3363 exbibeant
1624 3306 1792 3364 abditissima

149 3411 208 3452 runs
221 3394 318 3465 sopitis
329 3390 445 3462 jurgiis:
463 3391 552 3460 rigeat
562 3387 589 3443 in
603 3401 652 3441 nus
667 3387 775 3442 liammt
790 3385 879 3440 diuina
896 3402 902 3438 :
917 3392 945 3440 ct
997 3392 1071 3448 lucra
1083 3410 1089 3445 :
1103 3392 1163 3464 quia
1177 3401 1205 3449 et
1215 3393 1351 3451 illiccersa
1364 3397 1559 3465 sperabitures
1573 3397 1651 3453 hoste
1661 3398 1790 3453 victoria:

148 3476 945 3557 esdsrguamurmalecupidinisustrinaenta.Qnosicutpre·
995 3482 1040 3537 ubi
1054 3497 1189 3536 armorum
1209 3483 1365 3539 victricium
1380 3485 1454 3554 siqua
1473 3486 1572 3542 luerint
1597 3486 1736 3542 comitata.
1756 3484 1791 3542 ill

152 3579 215 3634 dicti
227 3579 358 3646 blartprcs
374 3571 464 3642 injecti
481 3569 586 3626 camino
602 3587 608 3621 :
623 3569 679 3622 suis
698 3576 724 3623 te
734 3566 760 3621 in
776 3567 944 3636 passionibus
994 3572 1074 3642 igitur
1088 3587 1138 3627 una
1160 3587 1221 3629 cum
1247 3575 1367 3646 principe
1379 3577 1497 3647 glorioso
1512 3577 1602 3632 Lerite
1618 3577 1729 3633 :animo
1742 3591 1792 3649 ps·

150 3667 328 3722 laudaverunt
338 3661 391 3717 :sie
401 3674 450 3715 nos
460 3657 803 3729 seopitulanteeaontnlum
813 3654 943 3712 bonorum
995 3669 1074 3718 ternu
1086 3662 1240 3720 consimiles
1250 3663 1340 3722 ellecti
1353 3676 1416 3722 suru
1430 3685 1437 3721 ε
1449 3667 1690 3724 continuocelestis
1704 3668 1795 3739 glorie

149 3760 236 3813 iructu
248 3752 295 3809 tibi
314 3752 439 3823 placere:
455 3759 517 3804 ante
528 3757 650 3804 nosnnm
664 3746 766 3803 obitum
781 3761 941 3806 mereamur.
995 3752 1145 3810 coheredes
1161 3773 1168 3809 :
1184 3754 1316 3825 inquibus
1339 3756 1409 3813 bone
1431 3758 1575 3813 uoluntatis
1595 3759 1792 3817 immutabilem

192 3851 337 3920 nemen.
864 3874 866 3878 .
994 3859 1104 3900 manere
1116 3846 1305 3901 concordiam:
1331 3846 1492 3904 loribuudus
1506 3848 1627 3905 carnilea
1653 3863 1791 3906 cernens:

188 3940 296 3996 laniatis.
326 3935 440 4006 [iignum
452 3942 479 3991 et
487 3935 587 4004 justum
602 3942 643 3990 est
656 3932 826 4004 omnipotens
849 3931 941 3988 Deus:
992 3935 1113 4006 nihilque
1139 3949 1220 4006 posse
1241 3936 1269 3992 iu
1292 3938 1332 3994 eis
1355 3940 1509 4009 prevalere:
1537 3955 1665 4010 penarum
1679 3941 1790 4012 conspi-

148 4046 198 4089 nos
221 4030 313 4086 libies
335 4035 392 4083 toto
414 4025 496 4082 cortic
519 4024 618 4098 pretias
642 4037 742 4096 agere:
759 4033 786 4079 et
813 4022 941 4078 unitatem
992 4027 1090 4084 ciens:
1116 4041 1179 4082 mos
1203 4028 1340 4084 atrocibus
1364 4028 1517 4086 exurendos
1530 4029 1641 4100 clepunt
1660 4028 1791 4088 dammis.

148 4121 288 4180 Trinitatis
305 4128 350 4175 tue
363 4117 571 4174 subuna'trium
591 4115 736 4186 blartprum
750 4112 876 4183 passione
886 4113 943 4170 lau·
993 4117 1047 4175 Sed
1062 4117 1261 4175 eolltmilitum
1276 4127 1381 4174 tuorum
1402 4119 1469 4176 lldes
1493 4121 1648 4177 ardentior:
1665 4135 1722 4192 quo
1742 4123 1792 4180 isit

148 4215 222 4269 dare.
237 4212 357 4278 Quorum
370 4207 473 4279 equalis
483 4207 571 4262 ldm:
589 4207 685 4262 sintilis
699 4203 830 4260 fortitudo
850 4223 856 4257 :
871 4203 939 4260 indi·
993 4208 1130 4264 ardentior
1143 4210 1275 4265 sententia
1289 4219 1472 4266 cruentorum.
1490 4209 1562 4278 Quos
1577 4219 1668 4269 tanen
1682 4214 1719 4269 ita
1744 4213 1791 4270 iu·

147 4313 235 4362 screia
255 4298 388 4358 coralessio
407 4313 454 4369 per
481 4297 630 4352 indiuiduas
645 4309 793 4366 personas:
811 4295 941 4366 graduum
992 4298 1112 4369 disrupto
1124 4298 1232 4355 sibimet
1244 4299 1352 4355 vissculo
1364 4310 1408 4355 tua
1423 4301 1540 4357 ebaritas
1555 4301 1658 4357 sirasit:
1687 4311 1718 4358 ut
1739 4317 1792 4361 sane

147 4393 299 4452 indiuiduas
314 4400 341 4448 et
361 4403 444 4459 penas
470 4389 576 4458 rapuit:
592 4395 620 4444 et
633 4401 755 4443 coronas·
777 4389 849 4455 Quos
871 4387 940 4444 inter
955 4384 1122 4446 llestuautia
1133 4389 1231 4444 earniui
1249 4407 1255 4442 :
1272 4390 1336 4446 dum
1350 4392 1524 4447 traherentur
1536 4391 1628 4459 procul
1644 4401 1791 4461 conspecta

146 4477 614 4559 gentilescsroresrelutqnilausdam
624 4477 706 4547 palcis
714 4478 789 4547 quasi
799 4477 940 4548 pmbatnn
995 4481 1170 4538 lormidarent
1195 4481 1337 4538 incendia:
1363 4497 1413 4538 nec
1432 4482 1543 4540 tristicia
1555 4483 1645 4539 saltim
1655 4481 1720 4539 dum
1735 4483 1792 4539 illic

147 4590 240 4633 astrum
256 4572 405 4628 nonutlnus
415 4569 553 4625 charitatis
565 4568 653 4624 divine
666 4587 671 4622 :
686 4585 764 4640 quarn
779 4572 943 4641 persecutio-
994 4572 1186 4642 projicerentur
1204 4572 1390 4629 contraxerint
1403 4581 1475 4628 rota.
1502 4573 1597 4639 cQuin
1624 4573 1714 4637 notius
1733 4573 1791 4629 anl-

186 4696 199 4724 ·
224 4684 389 4740 Consecrolo.
418 4681 481 4738 llaec
502 4679 535 4734 etl
560 4681 694 4762 populum·
712 4681 940 4742 Tarraconensem
993 4683 1081 4768 ignens
1093 4685 1233 4740 damnatos
1246 4699 1317 4741 esse.
1334 4684 1449 4755 Cumque
1461 4685 1536 4739 muits'
1551 4700 1582 4739 es
1601 4687 1720 4754 [sulem
1732 4685 1791 4740 elta·

148 4767 280 4826 spectant,
296 4769 356 4809 cum
370 4766 466 4807 eorum
487 4762 633 4820 martyrum
647 4753 767 4822 reliquias
781 4754 941 4813 'sarracenas
993 4765 1068 4809 rstate
1092 4756 1127 4809 sis
1153 4755 1284 4824 offerrent,
1305 4756 1343 4809 uti
1361 4771 1394 4808 en
1417 4756 1515 4809 conditi
1540 4755 1654 4825 perstricti
1665 4756 1789 4824 mestum

147 4829 258 4895 sepiculae
269 4822 440 4888 :mentone
447 4821 942 4890 possesiomonasteriumordinissan·
991 4836 1129 4891 surrterent,
1142 4824 1306 4881 Fructuosus
1328 4825 1364 4879 nit
1378 4840 1388 4878 .·
1404 4823 1527 4879 Nondum
1540 4833 1576 4878 esi
1589 4823 1654 4879 itura
1665 4825 1786 4880 solneads'

148 4891 940 4965 ciilleneallctlinbiqtsrla‚interl‘ortunrllelllni,l>oriofino,
987 4896 1096 4968 jejunii,
1112 4896 1234 4966 npelutstr
1248 4896 1314 4950 enim
1329 4895 1395 4949 born
1416 4895 1467 4948 diei
1488 4904 1591 4963 quarto,
1606 4902 1631 4948 et
1652 4893 1786 4965 jejuuintu

148 4979 177 5024 et
202 4967 341 5030 saccinam,
364 4962 457 5027 liesca,
480 4962 574 5030 situm,
589 4964 684 5019 delatas
711 4974 775 5020 sunt
803 4963 939 5036 (bolland.
991 4975 1054 5021 ante
1065 4969 1157 5020 lsoram
1168 4980 1264 5020 nonam
1273 4980 1328 5021 nou
1337 4965 1499 5022 solvebatur.
1512 4963 1674 5022 Prudentius
1688 4963 1784 5038 (llpst.

148 5050 211 5094 tom.
224 5035 257 5093 il
272 5034 347 5100 lun..
362 5049 426 5104 paq.
439 5028 514 5101 559).
992 5037 1008 5089 ii
1022 5038 1054 5090 de
1067 5036 1167 5103 cornu.)
1185 5051 1193 5090 ι

184 5107 199 5150 δ
213 5099 370 5177 Mirrlstresrt.
391 5104 458 5160 Nam
470 5101 641 5159 diaconorum
656 5113 713 5161 erni
726 5104 835 5162 calicem
863 5108 940 5165 mini·
1147 5127 1269 5186 quosqam
1279 5127 1312 5178 qe
1324 5127 1413 5191 populo
1424 5128 1489 5180 ,ιω
1499 5127 1614 5180 werdo,

150 5189 236 5235 sisare
247 5180 355 5248 popnio
1144 5187 1278 5240 libandum
1291 5191 1337 5240 sibi
1354 5189 1628 5252 poculumollerenies:

186 5259 198 5288 ι
212 5247 281 5315 Quin
293 5247 386 5317 potius.
402 5243 528 5302 llelcruui
547 5244 718 5300 Actaeorum
740 5255 881 5319 martyres,
897 5249 941 5307 die
1145 5249 1298 5314 ieiunemus,
1312 5251 1357 5313 sit,
1369 5263 1459 5301 recuso
1470 5256 1569 5313 poton,

149 5320 284 5375 dosnimco
311 5328 413 5386 captos,
436 5328 493 5370 aru
520 5312 581 5370 llal.
613 5313 761 5382 Februarii,
791 5320 881 5374 statim
912 5322 939 5375 in
1143 5310 1255 5364 Nondum
1268 5325 1331 5362 nona
1343 5314 1410 5362 dicta
1421 5315 1535 5375 resignat
1545 5313 1614 5363 bora.

150 5388 387 5468 carneremductos
397 5385 495 5449 luisse:
510 5384 536 5466 iu
546 5398 678 5441 carceres
689 5397 782 5441 sancto
792 5387 940 5446 Fructunsn
991 5394 1025 5450 itt
1035 5394 1097 5450 irinc
1110 5395 1190 5450 etiarn
1205 5405 1279 5466 patet
1291 5410 1370 5462 quam
1391 5404 1494 5452 setrtsts
1515 5395 1597 5452 luerit
1620 5391 1786 5451 musseium

151 5458 312 5541 baptizatum
334 5455 616 5539 lurssnlloqatranum
641 5456 873 5526 camcbumcuum
895 5461 940 5517 dle
991 5464 1017 5519 in
1033 5464 1159 5537 liispaula
1174 5474 1280 5536 recepta
1294 5465 1430 5537 jejunandi
1445 5467 1612 5523 etstationes
1628 5464 1785 5521 celebrandi

150 5529 285 5607 blerensis,
298 5542 353 5596 quo
365 5536 519 5608 ‘statmnem
541 5523 640 5606 ibidem
660 5527 881 5597 celebraverunt;
896 5531 940 5588 die
992 5534 1063 5589 leriis
1087 5537 1105 5591 l
1126 5544 1154 5592 et
1167 5537 1194 5594 d.
1210 5535 1344 5598 Caeterum
1358 5537 1431 5605 potio
1445 5538 1489 5593 illa
1514 5537 1647 5592 medicata
1671 5533 1786 5590 dabatur

150 5597 263 5653 ilenerss
285 5598 318 5650 ad
340 5595 453 5650 urbuual
479 5595 603 5651 l’raeatdts
625 5594 761 5654 AEsnillaul
786 5601 939 5669 perductos,
990 5604 1181 5662 vivicomburio
1191 5607 1335 5678 damnatis,
1348 5617 1375 5666 ui
1385 5622 1480 5666 sensus
1494 5607 1654 5677 sopirentur,
1676 5611 1704 5661 et
1717 5603 1786 5674 issia

153 5673 309 5727 coustantsr
338 5665 404 5723 deos
436 5664 562 5736 prutenos
594 5665 707 5728 adorare
733 5681 876 5730 renuentes
902 5673 937 5730 ad
993 5673 1071 5734 dolor
1083 5677 1258 5736 minneretur.
