3794 6106
121 281 171 336 att
314 279 317 285 '
497 272 646 331 tttssttu
666 271 800 330 lttxtthi
822 269 895 327 stc.
919 269 998 325 itte.
1020 271 1051 324 li.
1070 268 1207 327 isitium.
1227 298 1263 312 -
1282 268 1410 361 Pthst.
1710 273 1769 330 tis

122 390 338 462 temptationum.
359 387 477 458 Abjielas
497 396 510 424 ¹
533 389 684 442 erectiones
709 385 893 442 insultantium
908 400 916 440 ι
931 387 957 447 Α
970 383 1091 439 omnium
1103 393 1258 441 sanctorum
1270 384 1347 442 nobis
1364 384 1511 455 patrocinia
1523 384 1642 455 acquiret
1655 403 1661 438 :
1675 394 1703 442 et
1716 402 1763 456 per

122 483 244 539 obstruas
259 494 308 536 ors
320 478 455 535 adversus
475 477 614 532 veritatem
638 476 697 546 eius
713 477 779 533 larisa
807 477 916 547 loquen·
967 490 1061 531 eornm
1080 473 1243 532 lurdssinras
1257 490 1351 548 preces
1368 465 1537 534 firmamenia
1552 476 1644 532 ausilii
1655 477 1764 535 celestis

123 574 187 630 dnm
201 589 209 625 :
222 579 249 628 et
263 569 432 625 comminuas
445 581 554 635 prorsus
580 582 660 622 omrte
673 564 743 638 qnod
759 567 785 622 in
810 577 918 623 contra·
966 568 1097 624 obtineat.
1122 565 1269 634 melmae.

123 661 269 721 dictionis:
286 660 327 716 rei
353 658 566 716 conturbationis
586 657 645 728 ejus
668 657 728 713 acie
742 666 917 737 autteneno
1002 657 1044 712 Ad
1067 657 1210 712 orationem
1232 655 1403 713 Domirieont.

123 771 182 814 snm
194 753 279 825 serpit
294 761 359 807 :ant
370 749 466 806 laisum
481 749 595 819 insurgit
611 748 701 804 rarat·l
716 750 841 806 heretum
854 750 918 807 sub·
1002 749 1041 806 Sit
1053 747 1128 821 jngts
1143 749 1177 805 ad
1193 749 1277 807 licum
1294 748 1389 805 tratres
1402 748 1555 807 citatissimi
1571 760 1663 806 nostre
1677 752 1764 806 hnnri-

123 858 197 904 stat:
213 853 392 901 autesnrtum
407 840 519 896 turbat:
545 848 592 895 aut
605 840 746 910 quodlibet
767 849 841 896 rectu
857 839 918 895 ildel
968 840 1050 898 litatis
1066 841 1183 898 intentio
1198 859 1205 897 r
1220 851 1248 897 et
1263 856 1311 912 pro
1326 841 1491 911 quotidianis
1503 842 1620 911 peccatis
1630 841 1763 896 indelessa

125 951 153 997 et
168 948 266 997 sancte
279 935 447 1008 operationis
462 934 617 1006 dignitatem
634 933 783 1006 impugnat.
798 931 856 988 lion
871 931 919 987 lin·
967 937 1098 1006 precatio.
1121 934 1157 991 tn
1181 932 1262 990 corde
1287 932 1389 990 creduli
1418 952 1423 986 :
1445 941 1473 989 et
1495 933 1639 991 devotione
1661 933 1764 989 strenni

123 1048 174 1102 poa
194 1032 283 1089 verbis
311 1030 410 1099 elata:
427 1044 479 1084 non
503 1041 598 1084 manus
622 1028 717 1099 gladiis
738 1027 816 1098 piena
838 1044 845 1084 :
865 1042 918 1083 non
969 1024 1083 1080 lldelitor
1094 1022 1241 1080 clamemus
1255 1038 1270 1078 e
1285 1022 1376 1078 terris.
1390 1021 1471 1078 Pater
1486 1031 1587 1079 nester.

125 1121 268 1192 ternpmtio
292 1120 386 1177 erebra
410 1119 451 1174 rei
466 1116 565 1173 talida.
582 1116 639 1172 Non
660 1127 780 1190 potestas
801 1117 920 1189 quelibet
1005 1113 1082 1171 Dicor
1106 1114 1197 1170 Presi.
1211 1114 1355 1171 linmiiiate
1367 1130 1413 1171 ros
1427 1106 1617 1171 benedictioni.
1636 1114 1764 1171 Dominus

124 1226 294 1284 quocumque
305 1210 359 1265 ieta
376 1209 489 1265 nocendi
503 1208 623 1278 pavenda
643 1209 785 1280 insurgat:
811 1208 855 1264 rel
869 1225 918 1262 nn·
968 1206 1004 1263 sit
1016 1221 1122 1278 semper
1133 1206 1285 1263 nobiscum.
1307 1205 1345 1275 ti.
1361 1205 1475 1261 Etcum.

125 1313 183 1360 reat
198 1322 205 1356 ε
221 1310 267 1359 ani
292 1301 413 1372 improbe
443 1299 622 1357 concalescat.
637 1299 691 1360 Sed
715 1299 788 1356 elisis
811 1312 843 1355 ac
866 1297 920 1376 tle·
1012 1293 1174 1352 Benedictio.
1199 1294 1324 1367 Largitur
1354 1293 1503 1365 gratiarum
1532 1292 1662 1349 hominus
1689 1291 1766 1348 icsns

125 1396 234 1452 structis
246 1393 455 1449 aduersantibus
465 1391 589 1449 curretis:
608 1400 682 1447 tanto
698 1391 746 1447 tibi
763 1391 789 1444 ln
803 1390 853 1446 bac
866 1390 918 1446 rita
971 1391 1097 1448 Christus
1110 1388 1306 1448 benedictionis
1320 1404 1370 1446 sue
1385 1388 1465 1446 nobis
1487 1387 1606 1444 remedia
1628 1387 1766 1459 largiatur.

128 1485 273 1556 tranquilia
298 1482 399 1538 seruiat
423 1482 546 1538 liber-tate
571 1491 699 1553 :quanto
727 1481 774 1537 tibi
799 1480 921 1537 veritatis
980 1483 1017 1551 ri.
1032 1483 1129 1539 haren.
1151 1482 1293 1553 ansterpat
1307 1477 1439 1552 propitius
1452 1479 1522 1534 mala
1536 1478 1626 1533 oretria
1639 1493 1692 1548 qrre
1706 1492 1768 1548 pes-

127 1577 255 1644 preeon‘n
269 1589 331 1629 ertrn
344 1572 521 1628 universitate
532 1571 625 1629 militie
639 1571 747 1627 celestis
762 1571 852 1628 :bunc
863 1571 920 1626 iau·
971 1573 1030 1629 sitis
1045 1581 1092 1630 :et
1113 1571 1213 1626 tribuat
1225 1570 1331 1625 reniam
1354 1584 1433 1640 quarn
1447 1567 1482 1623 ab
1504 1582 1538 1624 eo
1553 1566 1707 1637 deposcitis.
1727 1566 1765 1634 ti.

126 1665 169 1720 tiis
182 1666 312 1737 hymnum
334 1661 453 1718 eoncinit
474 1680 481 1717 ε
497 1670 526 1718 et
549 1661 698 1732 proclamat
714 1679 722 1717 ε
746 1661 780 1718 ita
807 1661 921 1719 ildeiiter
974 1665 1069 1720 brnen.
1087 1662 1204 1734 Eiusque
1219 1659 1386 1718 concedente
1400 1658 1546 1714 clementie
1561 1678 1568 1714 :
1584 1664 1612 1712 et
1625 1655 1768 1728 induigen-

125 1759 229 1815 neers.
251 1757 288 1824 ἡ.
304 1755 431 1812 mactus.
445 1754 571 1812 Sanctus.
588 1755 716 1811 Sanctus.
939 1741 961 1802 Β
976 1756 1039 1810 tiam
1052 1752 1196 1808 criminum
1209 1768 1218 1806 ι
1233 1760 1262 1807 et
1276 1749 1384 1807 celestis
1406 1748 1492 1820 glorio
1504 1746 1663 1804 mereamini
1677 1749 1768 1819 perei-

155 1844 922 1918 PostSeterraeleresanctusreresslorlosns:reremulte
975 1861 1172 1919 pererepnnm.
1196 1845 1233 1915 ἡ.
1260 1845 1358 1900 lmen.
1374 1841 1425 1900 Per
1445 1839 1657 1898 misericordiam
1682 1839 1778 1916 ipsius·

127 1939 234 2009 pietatis
244 1937 375 1993 botatinos
390 1936 549 2008 unigenitus
559 1937 640 1994 lesrrs
652 1936 774 1992 Christus
790 1936 859 1993 itlius
875 1936 922 1993 liei
975 1939 1022 1996 bei
1037 1940 1120 1995 nostri
1135 1937 1181 2009 qui
1191 1944 1233 1994 est
1243 1936 1402 1995 benedictos
1424 1944 1453 1993 et
1468 1935 1537 1991 risit
1552 1942 1580 1991 et
1595 1934 1686 1990 omnnia
1701 1933 1769 2003 regit

126 2029 193 2086 rivi.
206 2027 257 2097 Qni
271 2043 332 2084 curn
348 2028 428 2084 Patre
443 2029 767 2085 manenscternltatisiue
780 2036 922 2099 prospectu
974 2032 1029 2105 03
1042 2031 1070 2088 in
1095 2030 1186 2087 secula
1211 2029 1373 2086 seculorum.
1393 2029 1430 2094 t.
1453 2032 1550 2083 Arnen.
1579 2027 1708 2083 borrtinns
1734 2027 1770 2079 eit
1820 2095 1825 2101 .

128 2120 302 2178 ‘dilllnieras
324 2134 405 2175 unam
425 2119 473 2175 tibi
499 2119 533 2176 de
559 2119 684 2191 peoribus
708 2119 921 2192 congregandam
974 2134 1081 2190 sempor
1100 2119 1248 2177 uobiscum.
1275 2117 1313 2189 ri.
1334 2117 1368 2174 Et
1386 2132 1457 2174 curn.
1479 2116 1556 2172 Dicet
1575 2114 1685 2172 choree.
1711 2113 1768 2169 Gn·

127 2210 272 2268 ecelesiam
286 2207 428 2279 copulare·
441 2207 524 2280 Cojtrs
537 2210 879 2282 copulationisntysteriom
894 2210 922 2267 in
975 2219 1054 2267 state.

127 2308 180 2363 isoc
194 2305 425 2362 dSacramentum
448 2305 571 2376 corporis
595 2314 624 2359 et
651 2304 788 2376 sanguinis
803 2303 839 2360 ini
859 2318 923 2362 tera
1012 2302 1076 2359 Post
1091 2304 1247 2359 communio.
1262 2300 1398 2358 Passionis
1415 2299 1553 2357 [inminiee
1572 2299 1684 2356 calicem
1704 2297 1770 2353 deli·

125 2398 296 2456 exhibitione
310 2396 450 2468 rump'esri
464 2397 515 2451 :ad
530 2395 709 2454 inherendum
719 2395 923 2453 tibiemnndans
976 2395 1072 2452 bantes
1085 2413 1092 2451 :
1105 2402 1133 2451 et
1149 2393 1313 2449 sacrosancti
1335 2390 1457 2462 corporis
1479 2391 1640 2446 suavitatem
1659 2397 1771 2459 gustan-

124 2492 204 2550 liiam
224 2504 293 2560 aqua
308 2485 478 2559 baptismatis
495 2506 502 2542 :
524 2486 751 2544 extiterarrsoteo
765 2486 921 2543 unctionis:
978 2497 1017 2545 ies
1029 2505 1036 2542 z
1049 2487 1149 2559 predas
1166 2494 1192 2542 et
1207 2483 1312 2540 laudem
1333 2482 1358 2539 ei
1377 2481 1525 2538 reseramus
1536 2496 1544 2536 r
1556 2481 1583 2536 ia
1609 2481 1690 2534 dorna
1710 2475 1770 2548 eins

125 2583 232 2639 satians
265 2594 333 2649 pane
359 2580 482 2650 corporis
505 2594 513 2633 r
539 2586 566 2633 et
590 2577 724 2634 letiileaos
754 2577 818 2635 nino
845 2575 923 2639 etesi
976 2578 1023 2636 lotl
1043 2587 1071 2634 et
1094 2576 1195 2633 hilares
1216 2573 1394 2632 ambulantes.
1415 2571 1453 2642 t.
1474 2572 1571 2627 lmen.
1594 2570 1645 2626 l’cr
1666 2569 1770 2625 miseri·

123 2667 924 2741 cruoris.tpssredemptorejrrs21pseproestacruspre
976 2669 1096 2728 cordiam
1111 2676 1183 2723 tuarn
1204 2663 1437 2734 lieusnosterqni
1453 2678 1485 2718 es
1507 2660 1664 2717 benedictus
1681 2667 1709 2716 et
1730 2659 1769 2713 ti·
1868 2702 1870 2707 ,

121 2764 199 2818 sium
212 2758 367 2832 emptionis·
383 2759 442 2816 Non
457 2762 523 2815 usne
547 2775 595 2830 pro
608 2774 640 2816 ea
662 2759 809 2830 qnantum
821 2759 925 2830 precio·
976 2766 1058 2822 riser
1076 2762 1167 2819 onem
1186 2760 1257 2832 repre
1271 2757 1403 2814 tesserula
1418 2756 1582 2813 mentorum.
1613 2753 1649 2823 tt.
1672 2755 1769 2809 tneo.

122 2869 184 2911 sane
201 2865 352 2923 reeteque
367 2857 562 2908 tamenesset=
578 2866 632 2923 qus
652 2851 924 2908 emendaeratznee
977 2856 1107 2913 pominus
1127 2854 1163 2908 sit
1194 2865 1301 2922 semper
1329 2849 1477 2905 vobiscum.
1511 2847 1548 2918 t.
1582 2845 1616 2900 lit
1639 2860 1713 2901 cum.
1741 2844 1770 2899 ln

122 2943 272 3001 meantis
285 2942 427 3014 putredine
441 2950 489 2999 :et
503 2940 613 3001 vilitatis
626 2942 708 2999 sorde
719 2951 823 3013 poterat
837 2958 923 3013 quan·
977 2947 1086 3003 nominc
1100 2941 1206 3001 bortrioi
1224 2940 1307 2997 nostri
1323 2940 1386 2997 iesu
1401 2937 1501 2994 iiitristi
1521 2936 1689 3010 perficiamus
1708 2951 1779 2992 curn>

122 3037 219 3106 deqtte
233 3032 360 3089 fatiscere
377 3031 445 3088 :sed
474 3048 538 3089 tere
551 3041 580 3090 te
599 3032 687 3104 ipsunt
702 3032 791 3088 dans:
815 3043 842 3088 et
856 3042 924 3089 eter-
978 3052 1052 3111 pace.
1073 3037 1110 3105 ἡ.
1127 3033 1182 3090 lieo
1195 3032 1304 3104 gratias.

122 3141 192 3181 num
203 3135 284 3193 atqtte
295 3123 473 3179 immortalens
484 3122 518 3178 ad
532 3131 646 3179 mortem
659 3095 961 3178 pontiniacensi-C
1032 3125 1064 3183 ΙΝ
1084 3123 1221 3180 offitii)
1240 3120 1405 3178 butttlttco
1426 3118 1511 3175 POST
1538 3116 1720 3175 tuicitanus

121 3215 160 3271 sti
172 3216 247 3271 illam
264 3214 302 3269 ite
311 3211 320 3252 ¹
330 3213 460 3270 erudiens
473 3228 533 3270 sam
549 3231 563 3268 a
578 3213 681 3270 ditione
694 3213 789 3269 mortis
801 3229 808 3267 t
821 3222 850 3268 nt
863 3227 928 3268 corn·
1308 3211 1435 3267 botttllt.

124 3309 266 3362 lorntares
276 3320 336 3362 caut
350 3304 562 3362 immortalitatis
571 3313 616 3361 too
626 3306 736 3377 pieriam
748 3315 777 3361 et
786 3302 928 3361 beatitudi·
1014 3305 1054 3359 Ad
1067 3303 1174 3359 liirsum
1188 3302 1298 3373 opimum
1311 3311 1335 3356 et
1349 3301 1432 3355 esurie
1446 3311 1474 3354 ar
1488 3301 1513 3354 in
1527 3303 1609 3368 prieneo
1626 3298 1772 3354 dominico.

123 3411 190 3454 mm
205 3397 410 3468 sempiternam.
427 3395 505 3454 Unde
525 3405 553 3452 et
568 3395 619 3452 lrec
632 3396 726 3450 talium
739 3393 927 3452 benilciorom
978 3399 1015 3465 to.
1032 3393 1077 3450 itt.

122 3485 319 3542 indesinenter
333 3500 437 3542 mernor
458 3485 578 3543 existens
600 3501 683 3543 :crim
700 3485 752 3542 lnle
765 3495 793 3542 ot
814 3485 928 3557 pratula·
979 3486 1066 3543 tectio
1082 3487 1139 3542 libri
1157 3487 1287 3542 lliereeric
1301 3487 1425 3560 prophete
1442 3485 1465 3558 (i
1484 3484 1771 3557 captivitati).

123 3576 206 3633 lione
219 3575 325 3631 sincera
340 3583 386 3631 tue
411 3576 589 3632 institutionis
611 3587 637 3631 et
663 3591 710 3632 suo
735 3575 928 3647 redemptionis
1022 3583 1058 3648 d.
1074 3581 1129 3636 lieo
1143 3581 1253 3651 gratias.

123 3670 215 3724 rerba
230 3676 425 3725 commemorat
439 3666 562 3725 cbristus
577 3668 706 3724 Dominus
729 3683 762 3725 ac
775 3671 934 3741 redemptor
1016 3671 1069 3726 lice
1089 3669 1153 3726 deit
1166 3670 1306 3725 bcrrninns.
1322 3668 1482 3725 &eredimus
1503 3667 1544 3724 tir
1557 3669 1602 3739 nni
1621 3667 1731 3725 corridit
1745 3669 1781 3722 ln.

121 3772 253 3818 storum.
979 3764 1111 3821 Dottttnn:
1125 3763 1215 3818 eterit
1239 3763 1261 3817 b
1281 3765 1368 3818 irritans
1387 3763 1482 3819 liducia
1496 3766 1565 3832 cios.
1585 3762 1615 3817 lii
1627 3762 1681 3818 erit
1696 3760 1772 3831 attasi

161 3848 234 3906 Post
246 3849 342 3921 pridie.
359 3850 463 3906 Oratio.
477 3850 635 3907 lielerentts
655 3851 794 3908 altaribus
806 3852 859 3908 tuis
880 3851 929 3907 iio·
980 3854 1163 3924 iignumnuod
1192 3855 1403 3924 transplantetur
1426 3869 1507 3924 snper
1530 3852 1718 3924 aqueastquod
1739 3850 1773 3905 ad

123 3941 205 3999 atino
229 3939 398 3998 oblationum
413 3952 539 3998 nomnen
553 3941 649 3998 merita
667 3960 675 4000 r
692 3958 834 4014 precamur
856 3945 927 4001 mul·
976 3943 1119 3999 burtrorenr
1141 3943 1225 3998 rnittit
1242 3943 1348 3999 radices
1369 3954 1488 4000 snas:et
1511 3957 1564 3999 non
1587 3945 1692 4000 timebit
1713 3959 1773 4001 curer

121 4041 222 4089 tarum
245 4030 495 4089 misericordiarum
520 4043 626 4089 tuarum
653 4033 764 4105 pieriam
780 4043 871 4101 toarn;
901 4044 929 4092 et
978 4032 1183 4089 teneritestos.
1200 4032 1404 4089 Eteritiolinm
1424 4033 1605 4103 cjnsriride:
1620 4045 1647 4090 et
1662 4035 1688 4089 in
1704 4045 1772 4089 tertr-

122 4121 173 4179 'tiia
191 4136 249 4193 que
263 4137 293 4178 se
307 4124 435 4179 omnibus
450 4121 544 4180 oderi:
560 4125 583 4181 si
598 4126 631 4181 sit
647 4127 691 4197 qni
713 4140 774 4181 eant
796 4136 930 4183 mereatur
980 4139 1044 4196 pore
1054 4123 1184 4180 siccitatis
1194 4140 1245 4179 oon
1258 4125 1311 4180 erit
1323 4124 1468 4181 sollicitum
1481 4141 1489 4180 r
1500 4139 1550 4182 nec
1570 4127 1713 4195 aliqnando
1726 4126 1774 4181 de·

122 4215 257 4282 accipere
271 4212 377 4281 pieiatis
399 4224 445 4270 tos
461 4216 752 4284 omnipotentissimam
769 4216 928 4272 bonitatum.
985 4216 1056 4271 sinet
1066 4215 1156 4271 iacere
1172 4217 1297 4272 tractum.
1309 4214 1465 4272 llaledietns
1475 4214 1613 4286 homoqui
1627 4216 1737 4271 conlidit
1749 4217 1773 4272 in

122 4300 159 4361 tte
182 4304 223 4360 sit
237 4302 398 4360 rationabile
416 4303 575 4374 obsequium
592 4314 739 4362 ‘nmirum
753 4322 761 4361 ι
777 4315 805 4363 ot
820 4307 867 4363 dat
879 4307 930 4363 lreo
980 4311 1107 4366 lanminc:
1124 4320 1151 4365 et
1165 4320 1246 4378 ponet
1261 4324 1370 4367 carnem
1383 4307 1522 4365 brachium
1534 4323 1612 4365 suum
1626 4325 1634 4364 ε
1650 4317 1677 4363 nt
1692 4322 1708 4363 a
1723 4308 1775 4363 liu-

122 4395 233 4452 oblstio
261 4395 289 4449 in
315 4393 505 4450 remissionem
530 4405 702 4467 peecatorum
729 4416 735 4450 z
753 4413 801 4466 per
823 4397 927 4453 uiscera
980 4403 1055 4458 ntirro
1069 4402 1175 4458 recedat
1192 4417 1239 4457 car
1248 4401 1318 4475 ejus.
1332 4401 1392 4459 trit
1405 4401 1476 4458 enirn
1492 4401 1567 4473 qrrasi
1580 4400 1674 4458 mirice
1688 4405 1714 4456 in
1728 4400 1775 4456 dc·

124 4486 318 4544 biteriwrfflt
344 4487 484 4544 civitatis
498 4487 610 4546 divine:
626 4487 762 4560 faciesque
790 4488 860 4546 hanc
876 4490 926 4545 lto·
944 4467 1074 4552 ⁰serto:
1091 4507 1118 4551 et
1130 4511 1183 4550 nnn
1198 4494 1301 4551 ridebit
1313 4510 1374 4552 eum
1390 4497 1493 4553 venerit
1504 4496 1615 4552 bonnm.
1631 4496 1685 4554 Sed
1698 4494 1776 4551 babi-

127 4580 208 4636 ttiam
222 4577 313 4634 rlram
328 4579 478 4651 placentem
494 4578 542 4635 tibi
558 4589 678 4637 sanctam
701 4596 732 4635 ac
748 4580 928 4638 benedictam.
983 4585 1048 4642 tebit
1064 4587 1091 4641 in
1104 4586 1210 4640 deserto
1224 4592 1252 4640 ei
1265 4584 1375 4642 interra
1390 4586 1532 4658 salsuginis
1547 4594 1575 4640 et
1593 4580 1776 4642 inhabitabili.

129 4665 279 4726 hetonam
291 4669 320 4724 ia
333 4669 607 4740 moritoniensis:
624 4685 657 4726 er
682 4685 737 4741 uuo
762 4669 790 4726 lo
814 4671 930 4727 ereetsts
983 4676 1096 4734 Pessum
1113 4686 1153 4731 est
1167 4689 1214 4732 eor
1228 4674 1379 4733 hominiser
1395 4677 1589 4734 inenatabile:
1606 4678 1666 4747 quis
1680 4688 1779 4758 rogae

135 4758 272 4816 rastitatis
290 4759 515 4817 odoraseendat:
533 4771 560 4817 ot
586 4762 775 4818 holocaustum
791 4763 853 4835 igno
868 4763 934 4819 lidei'
982 4777 1040 4824 soot
1063 4768 1147 4823 illudi
1163 4767 1218 4838 Ego
1245 4767 1375 4825 Borninus
1394 4779 1517 4825 scrutans
1541 4782 1588 4825 cor
1599 4786 1607 4822 ι
1619 4777 1647 4825 et
1662 4768 1775 4837 probant

138 4851 231 4906 trdrtss
264 4865 311 4921 per
333 4853 455 4908 manbre
487 4854 578 4925 popuii
607 4852 779 4910 dividendum
798 4851 833 4907 :⁵
859 4855 930 4922 qttod
984 4861 1189 4930 roneszrpnido
1210 4858 1445 4931 anicrriquelnxta
1463 4862 1533 4916 tiam
1555 4857 1776 4929 suarn:etjnsta

155 5017 180 5088 ,ἢ
198 5008 357 5065 erectiones.
372 5009 449 5073 neno
462 5020 584 5065 sztnctutn
600 5011 775 5083 hamustinusn
791 5012 888 5081 (Seres.
900 5014 928 5066 ln
981 5014 1024 5066 sed
1039 5024 1063 5069 te
1078 5016 1161 5083 ipsnrtt
1175 5016 1240 5069 elsarn
1255 5016 1338 5071 errici
1357 5017 1443 5085 iliata.
1463 5020 1498 5072 iis
1512 5019 1621 5084 eripiens
1635 5034 1690 5072 earn
1705 5032 1722 5071 s
1735 5017 1775 5068 di·

143 5079 201 5161 ttprl.
217 5078 335 5151 i’errttc.)
350 5082 445 5152 legitur
459 5098 466 5136 :
481 5081 519 5136 tie
531 5100 631 5138 nemete
644 5086 771 5139 erectiore
783 5089 873 5139 alterna
886 5086 928 5139 de·
981 5087 1049 5137 rivere
1064 5087 1162 5154 tinent.
1180 5099 1204 5137 nr
1220 5093 1393 5149 reuertentem
1409 5090 1609 5144 immortalitatis
1624 5099 1673 5143 ree
1686 5087 1775 5158 pieriae

144 5158 220 5211 tuito.
980 5169 1011 5206 ac
1025 5155 1175 5211 beatitudini
1189 5160 1357 5223 scnrpiiernoe.

169 5213 331 5301 brigensem.
349 5220 419 5292 tege
432 5233 551 5277 erere-er.
1017 5235 1029 5268 Β
1050 5226 1176 5281 Vestrum.
1194 5226 1401 5297 ingeneretur.

171 5298 183 5323 ‘
202 5289 356 5359 llrffirnerus.
373 5294 442 5359 Leuc
456 5295 602 5357 dclinreros.
1018 5293 1031 5333 ¹¹
1049 5298 1133 5362 Quod.
1151 5297 1259 5350 lidetrtr
1272 5299 1337 5353 illud
1350 5299 1420 5368 qnod
1435 5299 1580 5354 alrrtrrdare.

171 5355 404 5442 ‘hocrnrrrenrnan
421 5364 489 5432 Lege
504 5375 671 5421 sucronemne.
1020 5363 1029 5404 t
1047 5366 1111 5434 Cup.
1133 5365 1225 5421 llll.
1249 5367 1310 5423 llaec
1330 5370 1466 5438 prophetie
1481 5379 1591 5423 consata
1612 5382 1653 5425 est
1673 5371 1777 5427 laciniis

172 5429 324 5486 ‘bestiarii
341 5433 409 5501 tege
422 5435 513 5488 eruisti.
980 5440 1095 5505 capitum
1113 5452 1165 5491 sttt
1180 5446 1207 5492 st
1222 5454 1264 5492 ιη
1279 5438 1413 5492 leremirc.
1436 5440 1576 5493 incitoatnr
1595 5443 1628 5495 air
1647 5445 1776 5497 cstrcrtti·

173 5495 184 5578 ¹.
200 5500 339 5583 desiliens.
356 5503 424 5571 Lege
439 5505 556 5572 eripiens.
576 5504 700 5561 Fortasse
713 5515 784 5560 totus
799 5506 841 5560 iric
854 5507 927 5559 loeus
980 5517 1034 5563 tate
1047 5508 1169 5563 versiculi
1184 5510 1198 5561 l
1215 5510 1310 5576 capitis
1325 5523 1377 5562 sttt
1394 5526 1400 5561 ε
1416 5507 1569 5565 Berredietns
1584 5513 1637 5578 cir‚·
1654 5529 1713 5568 ratos
1729 5515 1777 5566 ad·

138 5567 185 5631 ieet
200 5581 316 5636 prterti:
335 5572 394 5626 ll'otr
408 5576 472 5629 dnae
487 5592 534 5646 pro
548 5593 588 5638 co,
600 5592 657 5646 prem
676 5583 760 5630 inserere
781 5577 891 5631 redimere
902 5582 927 5631 ss
976 5577 1097 5647 integitur
1117 5578 1265 5640 versiculus
1286 5578 1303 5632 5
1321 5579 1441 5649 ejusdem
1462 5582 1579 5648 eteritis:
1603 5581 1714 5637 Pressas
1732 5596 1777 5634 ror

136 5647 202 5702 erut,
217 5645 358 5711 preteriihet
371 5659 423 5696 rrrtt
436 5647 590 5712 pretiosum„
603 5664 660 5715 ene
674 5657 718 5701 net
733 5649 864 5701 reinstetin
880 5665 927 5716 pn·
980 5649 1104 5711 leentiam·
1116 5656 1182 5711 interr,
1194 5663 1226 5700 er
1239 5649 1328 5713 capite
1341 5665 1393 5715 mr,
1408 5667 1468 5721 pars
1483 5652 1570 5706 metita
1585 5653 1706 5708 uersiculi
1721 5652 1773 5705 ts:

135 5711 297 5771 tremescunt
309 5714 413 5769 ciiinrtir
427 5717 511 5785 eorde,
522 5727 619 5786 poteret
629 5719 784 5790 ‹pnundopae
797 5719 925 5790 fatiscere,
981 5717 1118 5791 i'ropltctiu
1126 5734 1233 5790 precene,
1242 5730 1268 5775 ct
1280 5725 1440 5790 praesularem
1449 5723 1597 5780 versieulis
1608 5741 1614 5776 :
1625 5723 1665 5776 l'n
1675 5730 1761 5774 uetere
