3794 6106
127 226 196 283 itti
495 218 641 277 trissino:
660 217 797 275 iileill
816 215 888 276 SEC.
909 217 989 276 REG.
1010 218 1042 277 B.
1059 217 1192 277 mount.
1214 248 1249 263 -
1268 219 1357 290 ratis
1374 220 1405 276 ΙΙ.
1685 220 1754 280 ib'e

127 336 331 395 moestissimam
344 353 352 390 a
366 335 401 391 de
415 349 467 404 gua
483 341 638 388 naseoretor
653 349 660 386 :
677 331 841 402 propheticis
854 345 916 388 ora·
930 333 954 395 A
968 339 995 388 et
1019 331 1184 390 sanetilieatr
1203 343 1356 390 nostrorum
1376 344 1481 406 tergant
1506 336 1640 412 seelerum
1665 352 1758 397 maen

124 433 195 487 eutis
210 428 382 500 seproiatum
403 426 567 483 naseiturum
582 426 709 494 elegerat.
726 425 806 494 liego
818 439 915 493 tempe
968 423 1007 479 las
1021 439 1028 477 ε
1040 433 1069 479 et
1082 423 1117 479 ad
1139 433 1183 480 tua
1204 425 1335 494 promissa
1359 439 1412 481 noa
1430 426 1548 496 dirigere
1565 427 1696 498 digneris.
1715 429 1755 501 A.

127 525 198 592 regia
214 536 265 577 non
281 519 334 574 alta
348 519 480 589 sapiens:
501 517 548 573 setl
564 516 673 572 bomilia
688 515 835 586 respiciens
854 526 863 567 z
881 516 915 571 ab
967 513 1066 567 Amen.
1107 564 1111 571 .

127 613 231 683 nngelb
241 612 384 667 nunciante
395 610 508 665 salutata
527 619 536 662 t
555 608 602 664 seri
617 623 669 662 non
683 607 766 662 eortle
779 607 914 661 exaltatae
1001 606 1041 658 Art
1051 605 1189 658 orationem
1205 603 1376 661 Darninieom.

126 718 178 772 igne
201 702 238 758 ad
261 701 354 757 laudes
380 700 503 768 proprias
524 698 628 753 itrrbata
653 708 695 754 est
712 708 720 746 τ
740 711 792 751 non
818 694 916 766 gaudio
1001 696 1072 751 Deus
1100 698 1226 752 uirtutum
1250 713 1349 767 sponse
1378 707 1423 754 tue
1452 699 1570 756 Eeelesie
1600 700 1755 759 iuilelleiens

124 797 209 852 effusa
228 808 309 860 :oue
331 794 406 862 prior
430 791 482 845 tide
502 791 528 845 in
544 798 637 844 ruente·
655 789 772 858 gennit:
792 801 871 858 quarn
888 787 913 841 in
965 795 1139 842 conservator
1162 804 1169 838 τ
1191 802 1269 856 quam
1302 802 1351 857 per
1375 788 1595 857 gloriosissimam
1620 792 1754 862 Virginem

124 896 219 942 uentre
254 885 336 939 lieurn
355 896 363 937 ι
383 898 462 952 quem
494 890 585 935 natum
613 879 708 934 adorat
741 886 913 933 creatorem:
965 880 1752 953 tratremtoamgronaronrtonisvitineas:ejosoneso

124 995 203 1047 oriem
221 977 384 1048 Angelorum
406 975 532 1045 obsequia
558 974 696 1042 plusquam
722 971 856 1027 bominem
874 982 912 1026 te·
964 985 1024 1026 ntus
1036 972 1077 1041 pia
1099 970 1313 1028 intercessione:
1329 973 1363 1028 etl
1387 973 1573 1029 mandatorum
1593 979 1755 1032 tuornnrob-

125 1079 249 1123 stantun:
270 1069 315 1139 qui
341 1068 429 1139 palam
455 1066 483 1121 lrt
503 1063 652 1135 pastoribus
673 1078 681 1115 ε
702 1078 781 1132 quern
804 1063 912 1131 sapien·
963 1061 1124 1116 servanti-am
1152 1074 1200 1116 nos
1226 1061 1343 1132 dirigere
1380 1062 1497 1133 digneris
1526 1082 1533 1116 z
1558 1072 1587 1119 et
1613 1076 1702 1135 presta
1727 1076 1755 1122 ot

125 1161 190 1213 rium
212 1158 307 1213 obtma
331 1157 411 1212 eorda
436 1170 488 1209 non
513 1162 643 1210 nouerant
661 1165 669 1204 ε
689 1164 789 1209 astrum
811 1153 913 1224 jubaris
964 1165 1032 1218 rouro
1054 1152 1136 1207 eortle
1163 1152 1234 1222 ntrod
1264 1153 1380 1222 precipis
1402 1167 1510 1210 oremus
1531 1169 1548 1209 e
1571 1157 1660 1211 terris.
1677 1156 1755 1212 Pater

125 1247 327 1317 insoliti-Reges
341 1247 420 1301 (lueet
438 1257 446 1296 τ
466 1255 493 1300 et
511 1244 647 1300 antecedit
658 1244 783 1300 ducatum
800 1245 913 1312 prebens
964 1251 1065 1297 noster.

126 1341 159 1394 atl
189 1340 354 1396 salvatorem
373 1349 381 1389 a
401 1340 444 1408 qrri
474 1339 583 1409 vagiens
611 1339 638 1392 ln
667 1351 779 1410 presepe
811 1337 911 1404 liegnm
1000 1334 1076 1388 Dicor
1089 1331 1181 1389 i’resb.
1198 1335 1342 1391 llumiiiate
1359 1351 1408 1391 ros
1427 1335 1616 1393 benedictioni.
1629 1337 1755 1394 Dominus

126 1439 231 1499 sreprtra
257 1431 374 1484 corrasit
399 1438 454 1483 :rt
477 1429 521 1498 nui
547 1431 625 1483 matri
650 1445 702 1484 non
725 1429 813 1484 intulit
839 1429 913 1484 insti·
963 1425 999 1481 sit
1012 1440 1118 1494 semper
1132 1426 1283 1481 vobiscum.
1306 1426 1343 1494 ri.
1358 1427 1462 1482 Etcum
1478 1429 1574 1497 spiritu
1590 1415 1646 1483 tuo.

124 1523 167 1574 rita
190 1519 291 1575 ventris
310 1535 317 1574 ι
337 1521 395 1590 eius
420 1520 529 1576 sullutlit
550 1522 665 1576 mirabili
681 1521 765 1590 jubilo
782 1531 911 1578 mentem.
999 1516 1157 1573 Benedictio.
1167 1517 1321 1573 ilisericors
1330 1518 1420 1574 Deus:
1435 1520 1562 1588 perillam
1575 1519 1752 1575 charitatem:

118 1611 244 1680 inportu
262 1609 396 1680 Virginem
417 1611 514 1665 soleta
530 1606 641 1666 mirmur
660 1625 667 1664 :
690 1612 715 1666 in
730 1612 799 1666 Filio
814 1626 843 1668 se
857 1627 912 1668 nra·
965 1628 1043 1681 ortam
1071 1614 1163 1670 inbuit
1183 1630 1244 1686 erga
1264 1615 1403 1685 ¹llirginem
1431 1625 1543 1670 matrem
1569 1630 1644 1670 suam
1658 1631 1665 1669 :
1681 1616 1754 1671 robis

123 1713 189 1756 trem
202 1693 1083 1775 Altissinriletotur:laetabatprolerniiirgo:periitontrrat
1108 1704 1283 1760 auxiliumati
1309 1707 1391 1760 vitam
1423 1715 1557 1762 eternam.
1590 1705 1629 1772 ri.
1654 1707 1750 1760 Amen.

122 1809 200 1864 spiram
215 1793 332 1864 pasoitur
346 1793 437 1847 bomo.
463 1793 502 1848 Te
516 1793 593 1862 igitur
607 1791 690 1864 469
703 1795 911 1864 omnipotentem
965 1795 984 1848 F
986 1811 1035 1850 oris
1050 1798 1095 1850 ille
1116 1797 1263 1866 gratiarum
1286 1796 1398 1865 inspiret
1422 1797 1498 1851 uobis
1525 1796 1596 1851 dona
1612 1810 1684 1866 :utre
1708 1811 1753 1851 ros

123 1883 253 1939 ritirabilia
267 1897 351 1954 opera
365 1884 484 1939 exaltant
502 1899 510 1938 ε
529 1885 591 1954 quia
612 1884 712 1954 majora
732 1885 828 1940 leceris
841 1887 912 1942 retii-
962 1887 1095 1958 gratiores
1107 1887 1157 1942 sibi
1173 1887 1277 1942 reddat.
1295 1887 1445 1956 ri.Amon.
1464 1887 1588 1942 Donetet
1609 1888 1682 1956 pneis
1696 1887 1753 1941 iui-

121 1978 240 2033 mendo:
258 1993 335 2048 quiam
348 1977 476 2032 creando.
492 1976 643 2032 Condidisti
658 1989 708 2029 nos
723 1975 749 2029 in
764 1977 911 2046 sapientia:
962 1981 1084 2036 redinem
1102 1997 1109 2032 :
1124 1994 1176 2050 que
1188 1994 1235 2035 ros
1252 1980 1422 2036 concorditer
1435 1980 1523 2034 ioreat
1536 1980 1563 2034 in
1577 1981 1682 2050 gremio
1697 1997 1752 2033 rna·

122 2071 259 2124 rrilomisti
285 2072 312 2123 in
335 2069 520 2125 misericordia
541 2083 549 2120 ι
568 2084 648 2139 qtrem
673 2067 752 2122 ileeet
777 2067 911 2138 bymnus:
963 2071 1011 2125 tris
1026 2070 1155 2127 Ecclesie.
1178 2070 1216 2138 ti.
1233 2071 1329 2124 Amen.
1347 2069 1397 2124 Per
1407 2069 1619 2126 misericordiam
1642 2069 1749 2125 Deiete

122 2177 200 2228 ortem
226 2164 322 2215 merito
338 2160 500 2230 Angelorum
517 2158 608 2215 laudat
622 2157 759 2214 exercituo
776 2168 784 2210 ι
804 2168 831 2212 et
843 2174 908 2213 una·
963 2160 1090 2214 Dominus
1101 2159 1135 2213 sit
1148 2173 1253 2227 semper
1261 2158 1411 2213 uobiscum

123 2254 232 2307 rrirrtirer
256 2252 365 2321 spiritus
386 2252 521 2323 justorum
549 2250 688 2305 laudantes
716 2255 853 2310 adorant:
875 2251 910 2306 ita
1006 2250 1174 2317 b-liteum.

119 2345 250 2399 diretrtes.
274 2344 311 2412 ri.
326 2342 452 2399 Sanctus.
467 2343 593 2398 Sanetus.
608 2344 722 2401 Sanetus
1000 2342 1073 2395 litent
1102 2339 1339 2396 Cborua..Gustate
1360 2348 1389 2394 et
1412 2338 1508 2394 ridete.
1536 2339 1621 2404 Quere
1642 2339 1669 2392 in
1690 2338 1753 2406 feste

154 2435 217 2489 Post
232 2434 355 2490 Sanetus.
372 2434 440 2490 Vere
448 2443 557 2490 sauctus
573 2455 580 2489 ε
596 2451 659 2493 vere
672 2437 766 2493 beatus
778 2437 907 2493 Dominus
961 2431 1082 2498 Corporis
1096 2431 1201 2486 Clurirti.
1217 2429 1340 2500 [ebibi.

119 2535 212 2579 noster
225 2523 304 2579 iesus
317 2523 439 2580 Christus
454 2542 459 2577 :
476 2525 520 2595 qui
535 2527 627 2581 matris
638 2528 806 2584 sanctissime
818 2528 913 2583 miser-
998 2523 1099 2578 tir-atio.
1107 2523 1275 2593 sumpsimus
1292 2522 1402 2577 bomine
1417 2522 1454 2576 tui
1472 2520 1595 2591 corporis
1607 2528 1634 2574 et
1648 2516 1753 2588 sangui·

122 2623 179 2671 tus:
190 2615 312 2686 virginali
326 2615 385 2685 rjus
397 2615 526 2686 pirodioitie
537 2617 666 2688 uirginem
679 2619 816 2674 custodem
828 2619 911 2674 desti·
962 2614 1003 2668 nis
1017 2616 1162 2670 salutarem
1175 2612 1352 2670 refectionem
1370 2631 1375 2665 2
1388 2627 1547 2682 bucellinum
1557 2622 1585 2666 ttt
1600 2612 1749 2666 intervenit!

119 2707 191 2760 nouit
206 2724 214 2762 ε
227 2721 280 2776 quie
291 2708 317 2759 in
333 2707 411 2760 terris
423 2706 538 2761 celebris
560 2707 713 2762 bominibus
729 2724 735 2761 :
751 2708 786 2763 ab
801 2708 910 2778 Angelis
959 2704 1077 2774 gloriose
1093 2703 1208 2772 Virginis
1222 2703 1306 2758 llario
1323 2703 1415 2757 :arisit
1432 2704 1510 2757 nobis
1532 2700 1630 2757 mentis
1652 2710 1680 2756 et
1691 2716 1752 2755 eor·

118 2795 251 2850 oelebr-ior
264 2795 367 2850 inseiis
381 2796 478 2850 colitur
488 2795 531 2850 illa
557 2796 745 2867 mysteriorum
759 2797 910 2853 divinorum
962 2797 1034 2864 poris
1057 2797 1140 2850 robur
1162 2808 1211 2862 per
1234 2794 1285 2848 boe
1306 2803 1503 2849 eaerarnennuu
1530 2802 1590 2848 :ut
1613 2791 1647 2846 ad
1670 2793 1752 2846 ritarn

112 2889 224 2943 -eonsoin
237 2902 334 2957 parens
351 2905 357 2940 :
374 2889 564 2956 Apostolorum
583 2902 636 2943 non
651 2889 743 2958 ignara
759 2891 821 2945 mali
842 2904 909 2946 eon·
960 2894 1079 2940 eternam
1095 2884 1131 2939 sit
1143 2883 1268 2940 viatienm
1278 2884 1470 2955 sempiternum
1480 2884 1541 2954 :qui
1551 2883 1752 2939 riaisetornuia

117 2980 256 3034 solatiatur
269 2991 396 3034 erumnas
411 2994 418 3030 :
431 2978 516 3032 etintii
536 2980 651 3034 arebant
667 2979 755 3035 ildeiis
771 2991 818 3036 :et
838 2994 911 3050 mys·
962 2978 1033 3048 regis
1052 2978 1078 3030 in
1105 2976 1194 3031 seeula
1215 2977 1380 3032 seculorum.
1402 2976 1439 3045 ri.
1456 2981 1551 3030 Amen.
1574 2974 1753 3030 Perennitatis

118 3071 170 3125 tien
183 3069 320 3139 tlieeipulis
344 3069 489 3125 revelabat.
503 3067 586 3140 Clitis
604 3086 636 3125 er
651 3085 699 3126 ore
713 3071 793 3127 melle
807 3072 911 3128 drtlotor
925 3041 948 3103 C
964 3080 1055 3127 nostre
1068 3070 1229 3138 sumpsimus
1242 3069 1321 3124 Verbi
1335 3068 1467 3122 incarnati
1492 3066 1649 3134 mysterium
1663 3083 1670 3118 z
1682 3063 1751 3132 quiid

118 3159 313 3216 bnebatoratin
328 3177 335 3214 ε
351 3167 515 3228 cooperante
531 3160 664 3216 ettomtnt
685 3170 771 3217 matre
784 3161 831 3218 lilii
852 3163 910 3232 eins
963 3158 1209 3231 inuteioliirgiuis
1229 3161 1312 3216 llarie
1335 3167 1426 3214 trustre
1448 3160 1538 3213 carnis
1564 3158 1752 3213 eomnrereinat

118 3249 253 3306 alssrrentia
268 3251 333 3321 :qni
348 3250 414 3305 vnn
439 3260 466 3306 et
490 3252 581 3307 omnia
608 3252 677 3324 regit
698 3267 758 3308 eurn
782 3253 861 3310 l‘atre
883 3265 909 3311 et
963 3266 1101 3307 assumere
1116 3250 1240 3321 dignatus
1255 3261 1297 3306 est
1313 3268 1320 3302 :
1336 3265 1366 3304 ea
1392 3247 1472 3317 igitur
1499 3247 1695 3303 interueniente
1708 3261 1752 3315 pa·

118 3342 245 3412 Spiritub
259 3342 367 3398 Surteto.
962 3355 1037 3401 trono
1051 3363 1058 3398 :
1070 3357 1164 3400 eterne
1183 3344 1211 3399 in
1238 3344 1316 3399 nobis
1330 3342 1384 3398 uite
1406 3343 1518 3411 gratiam
1542 3355 1657 3409 operare
1684 3340 1751 3391 lurore

157 3430 218 3486 Post
229 3433 321 3503 pridie.
338 3432 438 3487 tlrotio.
454 3433 641 3490 lniustrationo
656 3443 699 3488 tun
726 3434 831 3490 Christe
845 3435 909 3491 lesu
959 3437 1035 3492 iesu.
1058 3436 1096 3504 ri.
1112 3436 1209 3491 Anien.
1226 3435 1276 3489 Per
1291 3432 1502 3488 misericordiam
1525 3440 1598 3487 tuam
1613 3429 1684 3484 Deus
1699 3437 1751 3484 ete.

119 3523 248 3578 mentium
263 3536 414 3579 nostrarum
434 3523 499 3579 tolle
518 3523 660 3595 caliginem
678 3542 685 3578 :
701 3540 762 3580 narn
792 3525 908 3595 Virginis
961 3525 990 3580 lo
1005 3526 1112 3580 nomine
1128 3523 1234 3580 bomini
1249 3527 1333 3579 nostri
1345 3523 1407 3578 lesu
1423 3523 1523 3578 Cbristi
1551 3521 1678 3594 mysteria
1693 3535 1752 3576 eun

119 3614 213 3668 riiotris
235 3622 279 3667 uro
311 3614 415 3669 meritis
448 3615 583 3682 poscimus
607 3615 726 3683 adjunui
753 3631 759 3668 :
787 3629 908 3669 oramus·
963 3615 1752 3685 paooperactastm:errorumresuumabeoacceptum

118 3721 170 3774 tpue
198 3722 204 3758 :
232 3716 259 3759 ut
282 3706 341 3774 ejus
366 3706 537 3775 patrocinio:
555 3708 603 3761 bee
624 3707 712 3761 oblata
733 3708 906 3763 sanetiliees:
961 3708 1006 3761 eit.
1023 3704 1060 3774 ri.
1074 3703 1249 3775 lieogratias.

156 3866 168 3892 ³
186 3857 289 3911 lloruini
306 3856 500 3916 narratione
517 3880 522 3913 :
539 3858 679 3915 Dominicis
694 3861 770 3914 moiri
785 3860 833 3931 filii
856 3864 911 3934 ejus
1001 3856 1138 3914 bSrrrtcto.
1153 3854 1228 3910 Arltle
1243 3871 1249 3908 :
1262 3854 1378 3911 Gloriatur
1405 3853 1529 3909 Dorrriner
1551 3868 1581 3906 oc
1601 3851 1755 3921 Redentptor

114 3927 235 3999 effluente
248 3932 339 4001 gratia,
356 3943 408 3985 ete.
963 3939 1072 3983 teterruta
1083 3927 1126 3998 qui
1139 3929 1232 3997 pridie,
1244 3937 1296 3980 ete.

689 4225 999 4306 BENEDICTIO
1027 4222 1194 4305 PANIS.

159 4399 199 4469 i.
215 4399 380 4468 Adiutorium
399 4411 517 4456 nestrum
543 4403 569 4457 in
590 4403 698 4458 nomine
723 4400 840 4457 bomini.
864 4400 902 4471 ri.
919 4401 1111 4466 nsanitatem.
1131 4400 1182 4456 l’er
1196 4399 1337 4457 Dominum
1363 4412 1489 4457 nostruin
1504 4400 1598 4456 lesuin
1614 4400 1750 4458 cbrisum

118 4488 243 4560 ouiieeit
262 4490 350 4545 eelum
370 4497 397 4546 st
421 4497 533 4546 terram.
551 4491 589 4559 i.
605 4490 646 4548 Sit
675 4507 772 4547 nomen
800 4491 906 4547 Domini
960 4489 1055 4546 Filium
1070 4498 1154 4545 tuum.
1169 4491 1219 4560 Qui
1242 4500 1328 4549 teenm
1352 4492 1416 4548 risit
1438 4502 1464 4547 et
1489 4499 1583 4563 regnat
1611 4493 1751 4550 inanitate

117 4577 300 4636 benedictum.
322 4579 358 4647 ri.
372 4577 474 4634 Euboe
493 4594 564 4635 niune
584 4590 612 4635 et
637 4596 721 4652 usque
734 4581 904 4637 insecutum.
960 4582 1172 4654 SpiritusSaneti
1184 4584 1751 4657 betis.l’eromniasemperseeutaseenlo·

125 4673 161 4740 i.
176 4671 395 4727 linmioeeraudi
419 4670 568 4728 orationem
592 4687 690 4728 meant.
710 4673 746 4743 ri.
761 4673 907 4731 litelamor
959 4689 1030 4730 rum.
1052 4673 1090 4743 ri.
1105 4676 1201 4731 Anien.

116 4762 237 4818 rtretrsad
252 4763 385 4818 terenirt.
996 4764 1071 4818 Dicat
1097 4763 1240 4836 Presbyter.
1269 4765 1397 4821 Dominus
1421 4767 1457 4821 sit
1475 4783 1582 4835 semper
1602 4768 1748 4823 vobiscum.

153 4851 228 4908 Dioni
252 4851 394 4924 Presbyter.
422 4851 550 4910 lio'tninus
569 4855 604 4909 sit
628 4869 734 4926 semper
756 4856 903 4912 vobiscum.
961 4854 1120 4927 Respondeat
1135 4854 1243 4911 Cborua.
1261 4856 1293 4911 Et
1309 4873 1369 4910 cnm
1385 4860 1480 4926 spiritu
1497 4871 1552 4912 trrrr.

125 4948 161 5016 ri.
179 4945 211 5001 iit
226 4959 286 5001 eum
299 4946 393 5015 spiritu
410 4957 464 5000 tuo.
1280 4946 1434 5002 lleaetiicn'o.

152 5035 277 5090 oremus.
289 5033 391 5089 Oratio.
996 5036 1149 5092 lienetlietio
1168 5036 1215 5091 lioi
1238 5036 1256 5090 Ρ
1274 5040 1323 5090 tris
1345 5039 1536 5106 omnipotentis
1555 5037 1575 5109 i·
1594 5046 1622 5093 et
1644 5038 1704 5093 iiiiii
1730 5038 1749 5108 i

153 5124 271 5181 Benedie
281 5123 395 5179 llnmine
405 5133 557 5181 ereaturam
574 5125 652 5181 istam
666 5128 742 5198 planis
758 5146 764 5182 :
781 5128 850 5185 sieut
862 5130 908 5184 be
958 5140 985 5186 et
995 5131 1108 5201 Spiritu<
1120 5130 1210 5188 Sanni
1230 5130 1249 5200 ig
1272 5129 1453 5185 doseendntet
1467 5142 1573 5186 maneat
1587 5147 1668 5204 supra
1683 5133 1748 5184 bane

119 5215 247 5271 nediristi
263 5215 381 5286 qttinqtre
395 5228 477 5284 panes
492 5215 518 5269 in
537 5217 645 5272 ‹tesertn
658 5235 664 5270 :
677 5219 862 5289 utomnesqui
875 5235 908 5275 ea
957 5232 1106 5281 creaturam
1123 5223 1208 5292 panis.
1228 5222 1369 5290 nnuma.

105 5299 343 5378 ‘eogustarerinu
361 5315 415 5363 tant
438 5308 560 5377 eorporis
582 5324 661 5378 quiam
677 5309 764 5365 anime
780 5311 911 5381 recipiant
999 5313 1128 5367 Etitouio
1142 5312 1538 5383 orperpnropnomberredirrom.
