3794 6106
134 261 187 320 ros
768 264 969 323 ueuonrerm
986 265 1080 336 noue
1710 270 1762 331 too
1783 299 1791 349 ·.

127 387 238 458 qrrrtatfs
254 396 397 455 expurges.
413 381 507 436 'iotam
521 378 689 434 fantasmatis
702 378 789 434 labem
803 395 810 434 ε
826 393 911 450 repar
925 384 950 445 Α
965 388 1005 436 ter
1016 378 1174 451 bstprtismoi
1190 380 1223 434 ad
1237 378 1428 436 commodum:
1445 377 1528 462 [retr]
1543 377 1624 451 culpe
1641 378 1762 440 traducis

45 449 49 457 ’
127 457 262 511 dominice
274 453 448 523 protectionis
459 451 639 506 extermines:
664 448 789 517 utgratia
811 450 912 505 sancti·
963 450 1100 506 inimicum
1114 450 1246 533 sapientie
1265 457 1355 506 actum
1369 464 1470 505 erroris
1493 448 1649 506 minifestas
1663 450 1760 508 adrer-

130 525 263 580 lrcatienis
282 523 408 591 indepta:
434 529 482 576 tue
505 527 651 590 nostroque
673 519 777 592 puriter
796 519 914 575 creatori
963 519 1152 577 sum:Sanctr
1164 519 1279 590 Spiritus
1291 521 1330 573 tui
1340 519 1484 576 sanctitate
1497 519 1594 575 reddas
1606 520 1759 577 sanctillca·
1790 582 1792 587 ,

128 595 219 649 statuto
233 591 360 648 lamulotu
374 591 529 646 deserviens
552 608 558 643 :
574 604 682 644 omnem
696 588 838 660 spirituum
852 601 914 660 pra⁴
964 600 1032 645 tum.
1048 591 1102 646 Nec
1123 591 1178 645 ullo
1192 590 1317 659 contagio
1340 588 1468 646 reddatur
1482 589 1668 645 immundum:
1686 591 1761 659 qrrod

127 678 221 718 vorum
235 661 383 730 nequiciam
397 678 404 714 ε
417 674 588 730 quocumque
601 658 660 714 loeo
671 659 752 714 tueris
765 658 915 727 nadsparsa
965 669 1010 722 tua
1026 658 1084 715 lieri
1097 661 1231 716 eredimus
1244 659 1385 727 maiestate
1399 659 1506 714 beatum
1520 677 1530 712 e
1555 658 1602 715 sed
1618 661 1655 713 ita
1669 674 1718 729 per
1733 672 1760 716 te

128 732 256 802 dejicias:
282 738 309 786 et
323 739 415 785 sancte
429 730 537 800 copiam
556 727 752 784 benedictionis
764 727 777 765 ¹³
792 727 913 782 inducas.
964 730 1073 801 plenum
1086 728 1197 799 prebeat
1208 727 1427 784 sanctiticattonts
1435 728 1561 784 ellectum
1574 747 1582 785 :
1594 737 1625 783 ut
1636 731 1761 784 ubicum-

100 852 103 857 .
135 803 280 866 immeo.
295 798 347 855 Per
360 798 570 855 misericordiam
584 808 654 853 tuam
666 796 916 866 Deusnostertqui
965 801 1159 870 queiovoeato
1179 800 1288 854 nomine
1311 806 1358 853 tuo
1379 797 1697 855 lueritmanucmissum
1716 801 1759 855 rel

128 888 159 925 cs
171 870 329 927 benedictus
342 877 371 925 et
384 869 451 924 rivis
466 877 494 923 et
507 868 598 923 omnia
612 869 683 938 renis
696 869 723 922 in
736 866 826 922 secula
841 880 917 922 seeu-
965 870 1046 925 ruodo
1060 870 1181 940 quolibet
1192 876 1358 938 assumptum
1374 885 1381 922 :
1398 869 1515 939 expulsis
1528 877 1557 924 et
1570 867 1689 938 explosis
1699 884 1759 924 nm·

130 941 227 995 lorum.
250 940 286 1009 ri.
304 937 424 994 elmon.
445 937 589 993 llumiiiate
603 952 651 993 ros
664 937 854 993 benedictioni.
878 937 916 1007 5.
967 939 1045 995 nibus
1067 939 1170 995 insidiis
1184 939 1319 994 contrarie
1344 939 1453 1007 partis:
1476 954 1529 993 non
1553 939 1640 994 solum
1661 949 1761 996 cuncta

128 1010 257 1066 Dominus
270 1009 305 1065 sit
318 1022 425 1078 semper
437 1008 585 1064 vobiscum.
606 1007 643 1071 ri.
660 1006 702 1061 Et.
967 1009 1112 1065 demonum
1127 1009 1341 1064 nracbioamenta
1354 1022 1389 1062 ex
1403 1009 1497 1064 eodem
1514 1008 1574 1063 loco
1588 1009 1674 1077 iugata
1690 1007 1758 1064 deit·

165 1079 322 1134 benedictio.
352 1077 497 1133 dDomine
523 1086 616 1133 cenete
645 1076 725 1131 Pater
746 1075 918 1146 omnipotens
967 1080 1059 1135 ciant:
1078 1078 1242 1134 lsedetiam
1269 1079 1429 1134 Sanctorum
1453 1078 1614 1146 Angelorum
1637 1080 1761 1134 custodia

129 1158 222 1205 eterne
236 1149 307 1205 Deus
319 1165 325 1202 :
339 1147 476 1203 institutor
489 1155 517 1202 et
530 1145 654 1202 conditor
665 1146 785 1201 ornnium
797 1147 917 1201 elemen-
967 1163 1074 1221 semper
1093 1150 1128 1205 ibi
1142 1163 1266 1204 mensura
1287 1148 1425 1204 consistat.
1450 1149 1486 1214 ri.
1502 1147 1597 1203 bmeu.
1613 1145 1666 1202 Per
1679 1150 1763 1204 mise-

128 1228 217 1274 torum
229 1234 237 1271 τ
248 1218 293 1288 qui
308 1233 356 1286 per
368 1216 458 1273 iesum
473 1216 632 1272 ctrrtsturne
647 1216 787 1272 Dominum
798 1223 917 1272 nostrum
968 1218 1122 1282 nicomiam.
1133 1228 1185 1274 etc.
1201 1217 1328 1273 Dominus
1337 1217 1371 1275 sit
1381 1232 1488 1287 semper
1497 1217 1644 1272 vobiscum.
1664 1217 1701 1284 ri.
1717 1217 1760 1274 Et.

129 1291 289 1344 elementum
304 1289 355 1343 lroc
374 1302 442 1357 aque
456 1288 483 1342 in
497 1287 611 1343 salutem
623 1287 732 1341 humani
744 1287 848 1355 generis
859 1300 919 1342 esse
968 1287 1124 1344 Benedictio
1142 1288 1189 1342 Dei
1202 1286 1289 1343 Patris
1302 1287 1494 1357 omnipotentis
1507 1295 1535 1340 ct
1549 1285 1618 1353 Filii,
1633 1295 1661 1342 et
1672 1285 1761 1356 Spiri-

128 1358 237 1413 roluisti
253 1375 260 1410 ε
276 1367 303 1411 te
316 1357 449 1428 supplices
461 1356 655 1427 deprecamur:
671 1364 701 1410 ut
712 1356 845 1411 exauditis
856 1370 918 1412 ora·
968 1365 1012 1414 tus
1022 1357 1113 1414 Sancti
1128 1358 1271 1413 descendat
1281 1367 1309 1413 et
1320 1364 1517 1428 maneatsuper
1529 1357 1762 1413 bancorenturam

128 1427 246 1483 tionibus
256 1427 357 1483 nostris
372 1445 379 1480 ι
398 1425 408 1466 l
424 1425 488 1482 iilud
503 1434 548 1482 tue
558 1426 666 1497 pietatis
679 1434 804 1496 respectu
817 1423 918 1481 sancti·
968 1429 1033 1484 salis
1047 1436 1075 1482 et
1088 1442 1167 1498 aque.
1191 1429 1260 1496 rim
1274 1427 1371 1482 lmerr.

130 1498 195 1554 tices
210 1514 218 1552 ε
240 1506 320 1566 atque
334 1497 370 1551 ita
383 1497 417 1552 ab
430 1510 463 1551 ea
477 1495 597 1550 omnium
611 1496 753 1565 spirituum
768 1494 920 1550 immunde·
1003 1499 1163 1569 Antiplrono.
1178 1506 1192 1534 ¹
1201 1499 1306 1569 sparsit
1316 1512 1365 1552 nos
1372 1495 1443 1553 Deus
1453 1496 1572 1567 byssepo
1585 1513 1592 1549 :
1603 1503 1633 1552 et
1644 1500 1761 1554 mnnda⁶

127 1582 189 1622 rum
201 1574 310 1622 recedat
322 1565 437 1621 incursio
449 1582 456 1619 :
468 1573 497 1619 ut
510 1565 669 1636 ubicumque
684 1565 763 1620 luerit
776 1564 919 1620 innomine
969 1567 1075 1624 bimur:
1093 1568 1194 1623 iurabis
1218 1582 1267 1622 nos
1280 1575 1309 1623 et
1330 1581 1411 1634 super
1434 1567 1521 1622 nivem
1544 1564 1683 1622 dealbabis
1697 1582 1760 1623 nos.

128 1645 176 1690 tuo
188 1636 314 1706 adspersa
331 1651 338 1689 :
360 1635 444 1704 gratia
460 1641 505 1691 tue
519 1634 713 1691 benedictionis
728 1635 853 1691 adueniat
867 1652 875 1688 r
891 1640 919 1688 et
1005 1638 1151 1694 ‚llisercre
1163 1638 1216 1692 mei
1229 1637 1299 1693 Deus
1310 1637 1457 1693 seeundum
1469 1649 1591 1706 magnam
1605 1636 1762 1692 misericor·

127 1705 226 1762 rrralas
251 1705 340 1762 onrrria
364 1712 392 1760 te
415 1705 581 1775 propiciante
604 1705 741 1758 recedant.
772 1704 956 1798 ri.dmeu.B
988 1705 1544 1763 iamtuam:etsecundnmnrultitudinem
1558 1705 1775 1764 miserationum·

128 1772 410 1840 immisericordiam,
427 1773 667 1830 ete.Dominussit
680 1783 863 1844 semper,etc.
972 1786 1077 1833 tuarum
1102 1777 1164 1834 dele
1188 1776 1357 1846 iniquitatem
1382 1791 1481 1831 meam.
1515 1774 1607 1829 Presb.
1636 1774 1761 1833 iacebis.

162 1846 219 1900 llec
233 1862 249 1898 u
267 1860 299 1898 un
311 1844 368 1915 jum
381 1844 546 1914 sonctificate
566 1845 594 1898 in
617 1860 691 1898 errice
702 1844 764 1898 solit
778 1845 921 1914 peniteret
1006 1886 1014 1901 .
1028 1844 1120 1903 Gloria
1135 1855 1163 1903 et
1175 1847 1263 1902 bonrrr
1276 1844 1349 1901 Patri
1363 1854 1392 1901 et
1402 1844 1471 1901 litto
1483 1850 1511 1900 el
1522 1842 1645 1916 Spiritui.
1666 1843 1759 1902 Preti.

127 1914 232 1969 elicitur.
247 1863 408 1970 gomurixtio
421 1916 484 1969 salis
497 1920 525 1968 et
537 1927 617 1993 aque.
630 1909 658 1967 ln
675 1915 783 1968 noritioe
799 1912 921 1975 Panlttrls
970 1849 1093 1973 [arabis.
1117 1918 1154 1988 y.
1173 1916 1292 1974 ande
1315 1916 1395 1972 nobis
1413 1915 1526 1970 Domine
1547 1915 1762 1978 misericordium

126 1994 154 2039 et
167 1983 263 2048 liiffilii
278 1992 305 2038 et
318 1983 433 2052 Spiritus
448 1989 477 2047 ixa
488 1981 580 2037 Sarrctt
593 1986 638 2052 qui
652 1992 745 2052 regnat
759 1983 830 2040 Deus
841 1985 868 2038 io
878 1997 921 2038 se-
971 1996 1054 2043 tuam.
1077 1986 1160 2055 riAEt
1173 1986 1291 2042 salutare
1305 1995 1390 2042 tuum.
1414 1986 1451 2056 i.
1468 1982 1544 2039 Deati
1567 1983 1613 2054 qui
1637 1984 1762 2042 babitaut

125 2055 185 2110 cula
199 2054 363 2110 seculorum·
391 2053 428 2122 ti·
442 2050 455 2090 ¹¹
468 2054 566 2107 Auten-
969 2058 997 2113 io
1012 2055 1093 2114 domo
1120 2066 1166 2113 tua
1183 2055 1307 2112 Domine.
1332 2056 1369 2124 ri.
1384 2055 1412 2110 ln
1427 2054 1520 2110 secula
1533 2053 1685 2110 seculorum
1701 2055 1762 2110 ian·

242 2167 251 2194 ,
311 2142 376 2200 1³0„
387 2143 537 2199 memnonem
548 2140 611 2195 ,ain
624 2148 649 2194 ct
661 2156 735 2211 aque,
969 2128 1072 2183 dabunt
1102 2137 1139 2184 te.
1167 2126 1204 2196 y.
1229 2125 1342 2181 Domine
1365 2124 1461 2180 exaudi
1485 2123 1636 2178 orationem
1659 2138 1760 2180 meam.

971 2199 997 2268 ri.
1006 2198 1156 2256 Dtclamor.
1164 2200 1193 2270 i.
1204 2194 1333 2253 Dominus
1345 2195 1380 2253 sit
1392 2208 1499 2266 semper
1510 2192 1658 2250 vobiscum.
1679 2194 1698 2265 ri
1710 2237 1715 2250 .
1725 2191 1762 2252 lit

162 2232 264 2289 Oratio.
280 2230 401 2289 tuncne
413 2231 584 2303 entrripotens
607 2231 677 2287 Deus
692 2249 699 2286 :
714 2231 760 2300 qui
774 2230 851 2288 nobis
863 2243 878 2286 a
892 2237 920 2289 te
967 2282 1030 2323 cum
1042 2267 1149 2338 spirim,

126 2304 261 2359 conditam
275 2313 426 2359 creaturam
441 2316 528 2373 ique:
544 2300 552 2353 i
570 2301 619 2358 nbi
630 2300 774 2360 distinxisti
789 2309 818 2356 ut
833 2300 920 2372 liquo·

125 2389 182 2429 rent
206 2373 354 2444 simplicem
378 2371 413 2428 ad
434 2372 570 2428 lavacrum
594 2388 601 2425 ι
628 2371 726 2426 salsam
756 2372 919 2427 soliditatem
1002 2354 1126 2413 Dremns.

126 2444 254 2514 preberes
267 2442 301 2497 ad
314 2442 534 2498 condimentum:
550 2447 682 2512 quatenus
696 2449 723 2496 et
736 2441 843 2497 sordida
856 2455 918 2511 pos·
1005 2445 1106 2505 orario.
1122 2446 1225 2503 Exaudi
1249 2462 1299 2504 nos
1320 2446 1435 2503 Domine
1448 2454 1540 2502 sancte
1563 2443 1644 2501 Pater
1664 2454 1761 2502 eterne

124 2516 179 2570 sint
192 2512 265 2569 ablui
281 2529 288 2566 ε
313 2520 341 2566 et
355 2510 428 2567 latus
443 2511 526 2567 imbui
543 2528 551 2566 ι
571 2526 625 2582 que
647 2521 676 2566 et
694 2525 764 2566 noxa
780 2510 919 2568 tolleretur
968 2517 1040 2576 Deus
1059 2527 1087 2575 en
1104 2519 1211 2574 mittere
1224 2517 1335 2587 dignare
1351 2526 1474 2573 mnotunr
1490 2515 1618 2585 nongoium
1634 2525 1709 2570 teum
1723 2516 1761 2572 de

124 2583 277 2648 urbinatis:
295 2590 323 2637 θῑ
336 2579 659 2662 ⁶⁰l¹llier0luietrorad
673 2580 742 2635 riam
760 2580 863 2637 salutis.
880 2568 919 2638 Te
968 2589 1053 2654 celis,
1070 2588 1115 2658 qui
1130 2602 1180 2643 nos
1193 2586 1347 2643 custodiat:
1363 2587 1453 2642 loreat
1467 2603 1474 2640 :
1490 2593 1631 2654 protegat:
1647 2587 1759 2651 nisitet;

124 2651 205 2709 ellicii
218 2652 303 2708 nostri
326 2651 464 2707 iunctione
485 2668 492 2704 :
517 2658 642 2705 tinnienti
665 2649 863 2721 deprecamur:
889 2659 919 2706 nt
967 2669 995 2713 et
1012 2657 1138 2713 defendat
1158 2671 1252 2712 omncs
1276 2657 1428 2712 habitantes
1453 2655 1496 2710 rei
1517 2657 1709 2711 convenientes
1732 2654 1761 2711 iu

124 2721 374 2788 becsalisetaque
388 2721 413 2773 in
429 2720 597 2775 tuonomine
617 2716 688 2773 iacta
704 2718 916 2787 permixtiocle-
967 2728 1021 2785 1100
1034 2727 1188 2784 habitaculi,
1201 2725 1259 2783 nep,
1273 2724 1325 2783 per
1339 2715 1475 2782 chrisma,
1485 2723 1639 2792 nominum,
1649 2735 1705 2781 010·
1759 2749 1760 2752 ,

125 2791 224 2848 ruentis
238 2797 284 2846 tue
296 2785 477 2846 sanctiuecmr
490 2788 598 2855 obtutu,
612 2787 739 2858 quodque
755 2788 918 2862 mysterialis

162 2951 174 2979 ¹·
188 2941 331 3012 disperso.
347 2939 449 3005 Delio,
463 2955 580 3010 nepote.
915 3007 916 3010 Ἴ
967 2940 1086 3009 ciuntur3
1097 2940 1194 2997 deinde
1208 2939 1234 2995 in
1246 2937 1342 2996 blissali
1354 2937 1572 2994 nostrosolcmoe
1583 2933 1646 2990 illud
1655 2933 1761 2990 Gorbe-

160 3009 174 3049 ¹'
187 3011 312 3065 induens.
328 3009 428 3078 liuline,
441 3011 589 3092 inpunitus..
968 3009 1116 3081 ilispanum
1129 3028 1175 3082 per
1188 3010 1391 3065 misericordium
1413 3017 1494 3075 tuem,
1509 3016 1574 3072 etc„
1591 3014 1618 3060 et
1632 3004 1761 3086 salutatio

163 3093 174 3122 ο
194 3082 332 3146 nisinen.
344 3078 480 3135 ilelinardr
494 3077 651 3135 l'ontilrcale
661 3080 742 3137 baltei
756 3075 954 3152 :perDomi-(l
987 3080 1061 3152 epuli
1079 3080 1207 3135 llominus
1221 3083 1254 3135 sit
1269 3095 1379 3150 nemini,
1401 3086 1467 3144 ete,
1488 3093 1548 3148 qttm
1569 3077 1595 3130 io
1611 3073 1761 3156 l’outrltcrtll

124 3168 184 3206 num
198 3161 314 3205 nroatrum
334 3148 576 3213 iocundissimum,
601 3152 643 3222 qni
657 3165 776 3206 uenturus
790 3161 828 3206 est
837 3152 913 3223 jndi-
967 3098 1104 3207 fiettnardt
1128 3158 1156 3207 ct
1177 3151 1258 3206 etiam
1272 3148 1398 3205 Dobiensi
1411 3146 1627 3204 Sacramentario
1653 3144 1762 3200 moue·

126 3239 186 3277 cere
198 3226 274 3280 uicos.
289 3230 452 3286 emortuos,
466 3229 490 3274 et
504 3221 625 3275 secutum
640 3224 705 3291 peri
724 3238 791 3276 nem.
968 3231 1071 3278 rantur.
1752 3254 1755 3259 ,

160 3291 173 3330 ⁴¹
189 3291 310 3346 Domine.
324 3289 398 3345 llane
411 3289 573 3355 orationem,
585 3304 646 3358 ouae
660 3292 686 3346 io
703 3241 850 3347 lqoutilicali
860 3289 915 3351 lle·
1006 3292 1014 3329 ¹
1031 3289 1136 3346 literne.
1153 3288 1218 3344 lime
1237 3291 1324 3346 oratio
1338 3289 1364 3344 in
1380 3285 1530 3345 Poetilicali
1553 3283 1688 3339 lielioardi
1711 3296 1761 3338 ex»

124 3362 219 3416 linardi
231 3371 328 3427 eistat,
341 3360 484 3415 biartenius
496 3357 562 3429 (Coi.
575 3359 639 3430 875)
650 3361 742 3426 edidit,
756 3363 825 3432 apud
837 3376 916 3429 utrem
969 3371 1032 3428 stat,
1047 3372 1075 3417 et
1086 3361 1155 3432 apud
1171 3359 1328 3415 ttarnrrtum
1342 3358 1410 3430 (Col.
1430 3355 1494 3426 756>
1507 3357 1578 3438 edita
1599 3353 1693 3435 osuin
1707 3350 1760 3408 Sa·-

126 3432 273 3487 llcnedictio
285 3447 359 3501 entre
375 3430 539 3486 inscribitur.
558 3428 593 3482 tt
605 3431 630 3484 in
641 3429 917 3485 Sacraorerrtatiulio·
969 3431 1148 3497 erarueutario
1163 3428 1299 3491 llobiemr,
1314 3432 1364 3500 pie
1378 3430 1429 3483 bne
1449 3437 1581 3489 oratioue,
1602 3431 1712 3493 ponitur
1726 3437 1760 3478 es

125 3502 221 3565 lucensi,
237 3502 335 3568 oratio,
354 3515 414 3569 quus
430 3498 575 3553 &innutrito
596 3515 670 3566 enuoe
690 3500 853 3565 inscribitur,
877 3508 919 3554 e.-t
970 3517 1023 3571 uun
1038 3502 1065 3555 in
1077 3500 1175 3556 blissnli
1190 3497 1318 3569 Xinrenii,
1334 3506 1395 3570 post
1415 3498 1603 3557 exorcismum.
1621 3494 1660 3547 sal
1675 3495 1760 3548 berre·

123 3580 253 3626 corisucta
266 3569 448 3636 Gregoriana:
462 3566 549 3635 Deus,
572 3570 615 3639 qui
635 3570 743 3622 salutent
757 3570 860 3623 nunioni
871 3587 917 3641 ne·
971 3573 1078 3635 dicitnr,
1092 3570 1137 3625 sed
1153 3569 1273 3624 rrorruibil
1288 3570 1436 3630 immutata,
1451 3561 1626 3636 utisuperius
1637 3563 1742 3616 ruenni.

45 3683 46 3686 η
125 3641 216 3703 tresis,
239 3648 293 3694 ete.
317 3639 381 3694 litut:
402 3653 466 3693 sero
487 3645 598 3702 nostre,
619 3637 666 3692 sed
690 3640 866 3707 interpolata,
890 3646 918 3693 et
1007 3645 1015 3692 l
1037 3640 1085 3700 titt
1100 3640 1252 3693 distinxisti.
1265 3639 1336 3708 Lege
1350 3634 1593 3700 itedtstirteistt',·lrr
1608 3631 1688 3687 Pont.
1703 3630 1758 3687 lle·

125 3708 246 3763 nonnihil
260 3717 382 3774 mutata,
405 3716 467 3778 pest
480 3707 694 3762 commistmuem
718 3709 781 3762 salis
794 3718 821 3762 et
841 3723 917 3777 :rutum
970 3711 1066 3768 liuerdi
1082 3712 1108 3764 in
1123 3709 1175 3780 fide
1189 3709 1341 3764 distinxisti.

125 3779 151 3832 in
162 3779 284 3833 Dolrlensi
295 3777 446 3834 exhibetur.
459 3775 515 3831 Non
526 3777 841 3843 orrrittcudurtr‚eolcntne
852 3779 916 3834 illud
1007 3780 1071 3833 ¹‘rid
1093 3779 1263 3835 commodem.
1281 3781 1361 3835 Forte
1374 3775 1574 3833 accommodum.
1599 3772 1678 3829 Poot.
1704 3769 1759 3826 lle-

125 3849 270 3903 llnmilintc
282 3863 336 3916 eoa,
349 3855 377 3902 et
390 3847 576 3902 salutationem
590 3858 745 3904 connsuetam
763 3849 845 3918 mpnii
862 3849 917 3904 De·
969 3852 1027 3915 liu..
1040 3850 1210 3905 conrmodnm.

124 3919 210 3972 nrinus
223 3920 365 4000 tittempcr
377 3917 514 3983 nobiscum,
528 3930 589 3986 qum
602 3918 626 3972 in
643 3918 741 3975 llisseli
754 3865 869 3975 itimarrit
879 3920 916 3976 le·
1004 3922 1012 3961 ¹
1028 3920 1082 3976 Sed
1095 3924 1182 3975 etium.
1197 3918 1274 3975 i‘ont.
1288 3917 1386 3984 ilelin.,
1401 3926 1435 3972 et.
1731 3980 1738 3993 ,

124 3997 234 4055 girrrtur,
249 4004 299 4044 nec
316 4004 345 4044 m
366 3986 517 4043 Poetilicnli
539 3987 694 4056 lleiiuardi,
718 4006 768 4047 uec
782 3991 809 4046 iu
823 3990 915 4047 Sacra·
1006 4003 1025 4030 ¹²
1048 3994 1083 4059 ri.
1098 3993 1187 4044 Arnen.
1207 3989 1284 4044 Pout.
1300 3987 1401 4053 Dein„
1425 4004 1470 4057 per
1484 3984 1638 4050 Donunurn,
1653 3989 1719 4048 etc..
1731 3995 1759 4035 m

124 4058 411 4125 meritonenses,
427 4057 549 4112 investiri·
728 4102 732 4110 ·
927 4108 929 4112 .
967 4075 1059 4119 nostre
1070 4063 1270 4130 subsequuntur
1280 4077 1325 4129 per
1336 4059 1550 4119 ntisericordiont,
1566 4065 1630 4119 etc,
1646 4062 1673 4106 et
1683 4057 1759 4130 salu·

161 4125 326 4184 ·lleminunr
340 4140 463 4185 trostrnm.
478 4127 677 4199 ilelin.,dilium
691 4139 771 4186 tuum.
968 4135 1034 4188 tatirr
1048 4130 1149 4202 pepedi,
1163 4136 1191 4182 et
1203 4130 1355 4184 benedictio
1368 4129 1432 4184 salis
1443 4138 1471 4184 et
1484 4140 1561 4196 aqrtte
1572 4163 1580 4192 ,
1591 4140 1651 4195 quse
1664 4133 1756 4176 orturus

163 4194 173 4234 t
191 4197 271 4253 ltine.
287 4197 390 4265 liebri,
404 4215 472 4253 eant.
967 4202 1117 4259 Porrtiltcaii
1133 4199 1268 4254 licliuardi
1281 4200 1386 4254 desunt.

160 4276 173 4313 κ
188 4267 292 4324 Dionia.
309 4266 409 4332 llelin.‚
425 4277 522 4325 riostrn.
1003 4273 1141 4344 nSparsit.
1155 4269 1245 4336 Ferte,
1260 4286 1389 4342 aspernor.

157 4334 174 4375 ἱ·
193 4339 228 4406 d.
244 4339 335 4393 Amen.
351 4339 380 4394 lu
401 4338 500 4406 Delio„
515 4357 561 4409 per
574 4341 730 4406 Dominum,
744 4350 815 4405 cte..
830 4339 914 4410 srrlrji·
1011 4378 1021 4398 .
