3772 6120
52 276 107 333 ssu
398 268 543 327 tttssste
564 268 698 326 lllXTUll
717 268 792 326 SEC.
814 267 896 324 ttbc.
917 268 946 323 B.
967 268 1105 326 tstbttttt.
1123 300 1156 312 -
1177 269 1268 327 ettts
1284 270 1316 325 ll.
1631 271 1690 332 dm

50 404 108 448 stra
121 386 258 442 meditetur
275 383 441 440 dilectissimi
453 384 548 439 iratres
555 382 688 453 justiciam
699 383 758 452 eius
774 400 780 436 :
796 397 845 453 pro
858 387 883 443 Α
896 384 982 438 securi
996 403 1002 438 ι
1018 385 1089 439 nulls
1104 385 1249 443 nos-lucius
1262 385 1419 443 sbiuriceut
1432 386 1539 444 malicie
1548 389 1685 455 simultate

52 477 201 547 triumphis
217 474 287 530 beuti
308 473 432 545 llsrtyris
452 471 521 528 Tirsi
537 489 544 528 ι
560 473 605 544 qui
616 473 711 539 liaustu
730 472 844 528 lidelitcr
896 474 1019 531 discindi.
1035 475 1094 544 Quo
1109 479 1205 531 sieut·
1222 491 1318 531 uorem
1340 492 1409 546 pene
1426 477 1560 549 exemptis
1583 477 1682 545 lteris:

51 571 140 627 erliee
161 565 401 638 prssiomszprtns
425 579 486 619 cum
516 564 613 618 nteruit
639 573 731 620 tenere
746 578 844 634 :quesn
897 577 946 618 nec
960 564 1073 633 capillus
1089 575 1176 620 motus
1190 574 1231 620 est
1262 580 1276 619 a
1302 565 1451 621 sectoribus
1471 567 1510 622 de
1533 569 1620 638 capite
1645 571 1684 625 ttti

54 677 160 719 nosse:
176 674 206 714 ec
220 656 334 712 lructum
350 656 433 725 glorie
443 656 645 727 participatione
654 655 739 726 gretie
752 670 845 723 prere·
896 654 1020 726 llurtpris
1035 673 1041 710 :
1056 657 1096 712 sic
1119 671 1168 725 per
1181 671 1260 712 omne
1288 667 1392 727 tempus
1411 659 1464 714 rite
1489 667 1580 725 uostre
1603 660 1685 724 nullis

53 755 114 810 ttite
128 771 136 807 ι
152 760 214 806 unte
223 747 378 817 conspicere
389 756 541 817 regnantem
554 764 560 799 ι
573 747 655 817 200
668 760 748 816 quem
761 745 847 800 susci·
896 742 1011 815 permoti
1030 744 1263 814 reandattszscptt
1291 760 1397 815 sernper
1422 760 1578 803 ιιιιιιιιιιιιιι
1596 750 1686 805 muni·

54 857 120 913 pere
141 841 325 896 redimentem.
342 837 456 893 Proinde
481 839 655 908 deprecemur
676 838 845 894 clementium
896 835 967 890 utine
979 834 1127 892 charitatis.
1142 835 1288 906 Mmen.

53 933 113 1002 ejus
129 951 136 986 ι
151 943 180 987 ιιι
193 929 397 987 nosesaudtat:
413 938 441 984 et
459 928 680 999 esrudtispetitu
693 928 799 985 tribuet.
813 929 847 984 Et
934 924 1045 981 deletio.
1059 926 1172 996 Dignum
1194 926 1297 981 setiset
1319 925 1420 995 justum
1434 935 1476 982 est
1491 944 1499 980 ι
1514 936 1543 981 ut
1565 923 1613 981 tibi
1628 925 1685 984 tteo

56 1023 134 1093 eujus
149 1021 296 1079 bonoribus
306 1020 423 1090 speciale
437 1020 556 1076 debiturn
569 1022 670 1091 proprii
683 1023 782 1078 umoris
796 1020 845 1078 im·
896 1028 988 1074 uostru
1002 1016 1094 1072 laudes
1105 1026 1133 1073 et
1143 1016 1243 1088 gratius
1254 1018 1280 1070 in
1291 1025 1419 1086 quantum
1431 1031 1573 1085 possumus
1583 1017 1684 1075 relere-

55 1113 219 1183 peudintus:
234 1111 293 1180 elus
321 1109 460 1179 patrocinii
486 1110 620 1178 peculiare
634 1110 786 1182 suffragium
801 1112 844 1168 in·
895 1122 966 1164 tuus.
981 1107 1032 1177 Qui
1056 1107 1240 1164 beatissimum
1254 1105 1360 1163 Tirsum
1382 1107 1526 1176 prevenisti
1550 1107 1579 1162 in
1601 1107 1683 1164 beue-

53 1208 158 1264 eulstus
173 1206 262 1262 sustin
276 1207 412 1263 consortio
422 1207 569 1277 cupiamus.
895 1199 1108 1268 dictiouegretie
1119 1208 1163 1254 tue
1174 1216 1181 1252 :
1192 1197 1385 1254 ostendamini
1399 1199 1426 1253 ln
1441 1197 1560 1254 tenebris
1570 1198 1683 1261 lumen:

98 1299 137 1368 q.
152 1300 251 1354 Anien.
894 1301 923 1346 et
936 1288 1128 1360 perlectionem
1142 1289 1229 1361 gretie
1244 1289 1462 1361 postluburetu.
1475 1289 1579 1344 Etenim
1591 1300 1617 1346 te
1627 1289 1684 1361 opi·

91 1389 151 1443 gg,
167 1389 268 1444 (imp-0,
285 1397 298 1428 ι
312 1388 461 1445 ggpggqpus
485 1388 576 1445 „isare
595 1391 764 1459 cupientem.
780 1410 787 1447 2
801 1407 846 1450 ω.
896 1381 996 1438 tulsnte
1016 1381 1157 1452 plumbatis
1178 1381 1300 1437 tursditur
1315 1399 1322 1436 ι
1338 1395 1388 1438 nee
1408 1391 1541 1439 terretur:
1554 1397 1685 1453 crureque

55 1481 316 1551 esneomutpotens
338 1481 409 1536 betts
434 1479 586 1541 beatissimo
600 1480 679 1536 Tirso
698 1483 845 1550 tuogentiti
896 1473 980 1530 lracto
1007 1481 1141 1543 potentius
1167 1472 1318 1529 roboretur.
1346 1472 1422 1529 lluue
1452 1470 1608 1545 greciliures
1633 1469 1687 1528 lori

53 1569 144 1626 stitus
159 1570 293 1627 misertus.
307 1570 378 1626 lnter
399 1579 504 1628 ceteras
527 1584 594 1640 quus
610 1586 658 1641 pro
671 1581 716 1628 tuo
738 1573 846 1628 nosssiqe
896 1566 1008 1636 ligature
1022 1579 1075 1620 non
1085 1564 1223 1634 dissipent.
1239 1561 1315 1619 llunc
1329 1562 1449 1633 pertines
1472 1562 1545 1619 luror
1558 1558 1574 1600 ²
1588 1561 1682 1619 ribici·

53 1656 167 1717 sustttlit
190 1673 271 1730 penes
287 1676 294 1712 ι
309 1667 429 1729 puratum
446 1659 604 1727 supplicium
624 1658 724 1728 plumbi
746 1660 772 1714 itt
796 1660 844 1715 sd·
897 1660 946 1715 bus
955 1657 1116 1734 acutissimis
1129 1674 1181 1713 uon
1201 1664 1319 1713 esseest.
1348 1655 1398 1711 llic
1417 1655 1444 1711 iu
1457 1654 1554 1711 lrustre
1566 1652 1684 1725 discerpi

52 1750 191 1805 rerssrios
204 1748 263 1821 ejus
281 1768 288 1804 ι
308 1749 430 1806 oratione
446 1749 528 1820 ipsius
552 1750 676 1820 llartpris
702 1752 844 1807 retorsisti.
861 1727 985 1819 Bjussus
999 1748 1086 1819 gladio
1103 1756 1229 1803 constans
1245 1765 1252 1801 ι
1267 1745 1311 1802 laic
1327 1746 1354 1801 in
1369 1755 1462 1814 prrato
1486 1744 1540 1802 sibi
1555 1743 1684 1800 torrentis

53 1841 107 1897 Pru
122 1856 178 1913 quo
191 1841 322 1897 debilibus
338 1849 364 1897 te
378 1841 450 1897 Deus
471 1841 600 1911 rugitibus
615 1843 803 1911 imploramus:
818 1852 847 1897 ut
897 1841 998 1911 plumbi
1020 1841 1150 1911 supplicio
1174 1839 1308 1897 invenitur
1337 1840 1470 1896 exultans.
1484 1836 1561 1908 Quod
1579 1837 1607 1894 in
1629 1836 1682 1892 illis

51 1947 102 2001 prr
117 1930 189 1988 bunc
198 1930 340 2003 llartprem
354 1945 370 1986 u
383 1945 436 2000 quo
451 1930 562 2001 predicti
574 1932 674 1988 rnetaltt
688 1932 846 2000 suppliciunt
897 1934 1034 1990 retorserit
1048 1935 1132 1990 virtus
1156 1943 1200 1988 tur
1228 1941 1389 1992 cernentem
1405 1931 1471 2002 :qui
1484 1929 1535 1987 sibi
1554 1936 1684 1986 reuerent

50 2019 192 2076 detorsisti
208 2037 215 2073 :
231 2019 355 2091 detergas
377 2034 492 2075 massam
522 2021 602 2076 totius
623 2021 706 2077 nostri
733 2022 845 2092 pcccati.
896 2022 1002 2079 inlaturi
1015 2023 1187 2093 supplicium.
1204 2023 1228 2079 ls
1241 2023 1392 2093 quippei-tr
1410 2022 1445 2078 ecl
1460 2018 1683 2079 nanttestrudrn

51 2111 144 2179 etque
160 2116 186 2164 te
210 2108 357 2180 opitulante
371 2109 416 2179 qui
432 2109 541 2164 inlatam
569 2110 620 2166 sibi
645 2126 738 2181 pettam
756 2129 762 2166 :
779 2111 804 2166 iu
817 2126 847 2168 se
896 2113 1006 2182 gloriam
1022 2112 1144 2182 potencie
1163 2122 1207 2168 tue
1229 2113 1299 2168 lleus
1323 2130 1330 2166 ι
1353 2111 1471 2175 carceris
1490 2112 1624 2168 recinctus
1636 2124 1683 2165 er·

57 2210 252 2271 persequentes
271 2198 390 2269 dejecit:
407 2200 538 2256 ministret
557 2201 609 2256 sibi
638 2202 846 2273 obsequentibus
895 2205 995 2274 gassulu
1011 2220 1018 2256 ι
1034 2203 1148 2259 mirabili
1171 2218 1313 2274 progressu
1334 2203 1449 2272 stipatus
1466 2201 1603 2272 :collegio
1615 2200 1683 2256 edu·

49 2292 165 2347 tutelam
179 2292 318 2362 patrocinii
333 2291 486 2361 indisrupti
503 2292 538 2348 Ut
549 2308 596 2362 per
609 2308 670 2349 eunt
686 2292 847 2352 tumulantes
894 2297 965 2350 citur
985 2295 1158 2363 sugetorun.
1175 2293 1239 2348 Natu
1262 2308 1324 2349 cum
1346 2293 1504 2364 intempeste
1532 2302 1611 2349 nocte
1624 2291 1685 2349 loeo

49 2384 197 2440 obtineant
210 2385 313 2440 renium
330 2402 337 2438 ι
354 2399 491 2455 perquem
516 2384 731 2455 persequentium
740 2394 781 2440 cst
795 2385 846 2440 de·¹
894 2397 947 2452 qtto
961 2376 1130 2438 detinebatur
1145 2381 1287 2438 multitudo
1307 2395 1482 2453 supernorum
1506 2384 1625 2441 inrueret
1638 2383 1685 2440 ci-

50 2475 123 2530 riets
138 2473 258 2530 sedecia.
273 2476 312 2530 Ac
331 2488 379 2544 per
402 2489 481 2544 quem
506 2472 649 2529 iulldelitus
669 2475 755 2544 pcnrtli
777 2490 845 2532 con·
895 2474 967 2530 uirtus
985 2491 992 2529 :
1011 2473 1083 2529 illico
1108 2474 1177 2529 ostis
1203 2472 1318 2528 curreris
1343 2482 1524 2541 reseraretur:
1545 2485 1573 2529 ct
1594 2477 1682 2540 subito

48 2576 159 2636 sumpta
174 2576 214 2621 est
226 2566 287 2636 igne
302 2582 309 2619 ι
325 2580 372 2637 per
384 2579 446 2622 eum
460 2564 608 2623 credulitas
627 2565 732 2621 tanne
750 2566 845 2624 ardeat
894 2579 991 2620 uerum
1003 2561 1107 2620 refulsit
1120 2563 1165 2618 illo
1188 2564 1215 2619 in
1230 2563 1288 2619 loeo
1306 2562 1340 2618 sd
1362 2562 1490 2618 bonorem
1505 2563 1630 2636 llartgris
1642 2568 1682 2623 lu·

48 2657 193 2714 eharitatis
207 2658 309 2714 dltinc.
894 2674 954 2712 tucn
969 2674 975 2710 :
990 2657 1060 2727 quod
1073 2672 1154 2714 onem
1176 2667 1330 2725 catenarum
1346 2657 1407 2726 eius
1417 2656 1584 2714 dissolveret.
1601 2670 1613 2699 ι
1628 2659 1681 2718 llu-

94 2748 135 2816 ἡ.
151 2749 248 2805 buren.
893 2747 1012 2805 cruribus
1023 2747 1120 2803 deiude
1146 2748 1253 2818 Angelis
1276 2748 1377 2804 lumine
1398 2748 1578 2818 precedente:
1595 2751 1683 2823 bqpti-

90 2837 154 2894 l’ost
177 2840 291 2894 remitte.
316 2838 415 2894 Oratio.
437 2828 509 2894 licus
536 2838 580 2908 qui
604 2847 676 2894 tante
699 2838 842 2896 severitate
892 2852 979 2894 ssnmn
991 2851 1064 2894 tuum
1079 2851 1252 2909 suscepturus
1265 2838 1315 2899 iter
1327 2840 1479 2910 aggreditur
1494 2856 1501 2894 ι
1517 2857 1601 2912 usque
1615 2842 1678 2901 dues

48 2933 142 3004 ludicii
157 2933 227 2989 ultor
240 2932 310 2988 tutet
326 2934 352 2988 in
377 2932 591 3003 persecutoribus
602 2931 747 2989 beatissimi
771 2933 841 2989 llar-
894 2933 1045 3001 perueniret
1057 2931 1090 2986 ad
1104 2931 1191 2986 locum
1206 2945 1277 3000 :quo
1289 2930 1397 2987 celestis
1413 2930 1496 2988 loutis
1509 2933 1616 2989 tsrrcro
1630 2936 1683 2991 tiu·

48 3025 119 3096 tyris
134 3021 173 3079 ttti
195 3023 283 3080 Tirsi:
298 3037 326 3080 ut
340 3023 354 3064 l
369 3039 462 3080 corum
486 3024 608 3080 defuncte
634 3038 746 3094 corpore
771 3033 841 3080 tcrrr
891 3037 1011 3095 geretur.
1027 3024 1061 3079 lit
1085 3025 1182 3080 merito
1209 3025 1269 3078 tatis
1295 3033 1479 3093 suscepturo:
1502 3024 1549 3078 tali
1573 3024 1688 3093 luminis.

52 3124 192 3172 recusaret
206 3116 342 3184 suscipere
356 3134 363 3169 :
378 3132 430 3185 que
448 3115 572 3172 ierocitus
593 3130 685 3172 eorum
712 3115 762 3170 uiri
774 3117 840 3186 justi
893 3115 1011 3172 claritate
1020 3113 1145 3171 anteitur.
1157 3114 1191 3177 llt
1204 3114 1250 3185 qui
1264 3114 1336 3171 uisci
1351 3114 1431 3171 tontis
1444 3115 1597 3185 purillcutus
1608 3127 1684 3176 esset

48 3207 181 3276 sersguine
194 3214 361 3260 cruentasset
376 3222 383 3259 ι
399 3215 427 3259 tu
447 3205 506 3275 pius
532 3219 564 3260 ue
586 3206 716 3278 benignus
729 3205 842 3262 odmen·
892 3223 926 3264 ex
941 3210 1046 3279 gurgite
1061 3229 1068 3264 :
1085 3209 1177 3266 celesti
1201 3210 1326 3271 letaretur
1353 3209 1487 3280 obsequio,
1507 3213 1678 3281 precedente.

48 3295 118 3353 tium
144 3297 280 3368 obsequiis
315 3297 449 3353 delibutus
474 3315 482 3351 ι
508 3297 671 3367 sepultorum
705 3297 842 3366 spiritibus
891 3297 1035 3355 lnuotstus
1051 3310 1110 3368 post
1127 3298 1189 3354 iude
1211 3298 1282 3353 uude
1302 3298 1394 3356 celesti
1411 3318 1418 3352 ε
1434 3300 1557 3367 reddttur
1578 3304 1680 3363 mreeri

48 3397 144 3443 eterne
175 3387 312 3455 refrigeria
335 3388 427 3456 prebe.
454 3387 488 3444 ttt
513 3388 550 3443 ita
578 3384 691 3456 predicti
718 3387 842 3458 llartytis
892 3389 1209 3459 purilleutuserlsvacro
1224 3406 1231 3444 :
1245 3391 1679 3460 eonsummstoputiturustriuut·

47 3479 178 3550 sullrrgiu
194 3497 202 3533 :
219 3479 334 3536 babeant
354 3480 448 3538 lldcles
474 3480 660 3536 defuncturum
680 3478 768 3538 enimc
781 3495 842 3550 prc-
891 3480 954 3550 pbu.
970 3481 1045 3537 llunc
1058 3492 1200 3537 exeuntem
1214 3483 1275 3552 quia
1288 3482 1414 3546 custodes
1435 3484 1550 3541 esrecris
1574 3499 1627 3542 non
1641 3486 1681 3543 ti·

48 3572 133 3633 mium
152 3589 158 3624 :
174 3570 245 3625 sicut
257 3586 304 3641 per
319 3585 381 3628 eum
397 3587 509 3641 corpora
532 3570 717 3627 damnatorum
737 3586 841 3629 merue-
889 3571 986 3628 derunt
1001 3591 1007 3627 :
1024 3572 1216 3643 regredientem
1228 3573 1317 3628 mirati
1326 3582 1397 3628 sunt.
1408 3572 1502 3631 Uude‘
1514 3577 1541 3629 in
1553 3574 1686 3637 leruciam,

47 3671 111 3718 ιιιιι
123 3661 247 3718 invenire
259 3660 421 3731 sepulcrum.
443 3662 481 3731 ti.
496 3661 592 3718 Amen.
890 3665 1014 3720 concitati
1027 3663 1163 3720 :carceris
1177 3663 1292 3733 disrupti
1306 3664 1449 3734 prosiliunt
1460 3666 1604 3722 vindictam
1616 3682 1685 3725 cum.

83 3751 126 3807 Ad
153 3769 253 3824 pacem.
278 3754 376 3810 oratio.
403 3754 501 3811 Salutis
529 3765 621 3812 nostre
652 3757 840 3825 compendium
889 3753 982 3824 gladiis
996 3753 1114 3810 tutaturi.
1134 3752 1187 3812 set
1207 3770 1269 3811 mox
1293 3755 1408 3812 inlesum
1431 3771 1512 3827 quent
1539 3756 1681 3814 dxersrtt:

49 3853 213 3914 expetentes
240 3847 408 3913 omnipotens
447 3846 517 3902 Deus
543 3861 685 3916 precemur
709 3867 716 3903 :
744 3858 774 3904 ut
795 3848 840 3920 qui
890 3861 917 3905 ut
929 3860 1088 3921 repererunt
1109 3850 1225 3921 sigillum
1242 3851 1315 3907 illico
1332 3867 1430 3922 procur
1451 3853 1555 3909 insanis
1575 3853 1680 3925 tultigs·

46 3933 238 3990 beatissimum
263 3935 398 3994 btltletssn
427 3946 502 3992 tuum
522 3936 627 3993 Tirsutn
654 3955 661 3993 ι
689 3938 841 3995 sectoribus
888 3949 1068 3996 turcctsuus
1093 3941 1193 4010 vaginis
1220 3940 1324 4011 gladios
1353 3942 1542 3999 condiderunt.
1554 3941 1680 4014 Proprius

49 4025 221 4083 trahentibus
231 4041 332 4085 serrem
340 4029 443 4086 duabus
458 4029 614 4100 inpartibus
629 4046 681 4086 non
696 4031 839 4101 permisisti
888 4032 996 4088 auditus
1008 4032 1202 4103 suspendentes
1216 4032 1242 4087 in
1265 4047 1391 4090 canoram
1414 4032 1540 4105 Martyris
1564 4020 1657 4091 rorem
1671 4053 1680 4090 ι,

45 4162 226 4236 lrsgtnenturn
241 4163 393 4220 Kelendurii
409 4163 625 4235 Gotho-llispuui
642 4183 657 4219 ι
671 4166 730 4220 ilai.
755 4167 837 4225 Febr.
924 4165 1104 4221 *Coeioetibus
1119 4164 1190 4236 bego
1205 4165 1297 4220 retesti
1311 4165 1377 4223 cibo.
1394 4165 1467 4221 llore
1482 4165 1571 4235 prisco
1583 4166 1678 4223 iidcies

45 4236 128 4288 uerti
139 4232 228 4305 Tyrsi,
240 4235 278 4288 rel
292 4237 414 4290 comitum
429 4247 520 4302 mart..
535 4234 647 4292 Grecis.
664 4237 700 4291 be
712 4237 808 4294 eodem
823 4254 839 4292 r
887 4237 992 4293 coelesti
1013 4237 1182 4292 eucburisttce
1195 4238 1267 4304 cibo,
1288 4236 1502 4292 solemnitatibus
1525 4245 1674 4360 sutertprutn

44 4302 103 4358 ttrt.
118 4303 200 4360 Febr.
213 4315 294 4372 agunt
306 4304 452 4359 [domenum
464 4306 589 4373 Parrum,
605 4307 673 4367 Ado.
688 4306 836 4374 liettardus,
887 4308 1096 4373 recurrentibus,
1107 4305 1308 4363 reliciebuntur.
1324 4296 1568 4362 sanctus‘usdtnrs
1581 4308 1590 4375 (
1605 4307 1677 4378 Ipt'st.

43 4373 197 4428 donandas
222 4375 339 4440 baronti,
363 4385 390 4429 et
414 4375 465 4429 ulie
490 4377 612 4444 quosdam
635 4376 833 4446 llertyrologiu.
887 4376 933 4445 ild,
954 4376 1113 4446 dissidii),
1136 4377 1168 4430 ud
1191 4376 1334 4431 Ceserirm
1346 4375 1483 4447 patriciam
1497 4378 1532 4433 de
1546 4377 1677 4447 frequenti

44 4441 255 4513 Hieronymianu
270 4453 390 4498 sunctum
406 4444 518 4517 Tyrsum
533 4461 594 4499 tutet
610 4445 666 4503 tttt.
686 4447 745 4503 iun.
759 4462 834 4502 cont·
851 4429 1076 4503 Dcotumuuiunc
1090 4449 1231 4502 scribens:
1247 4445 1304 4502 Nos
1329 4446 1442 4514 quidest,
1467 4447 1564 4513 iuquit,
1588 4456 1678 4518 qurtrr

44 4522 207 4567 utcmorsnt.
230 4511 351 4571 burense
374 4514 530 4571 Florentinii
550 4527 574 4572 et
600 4518 763 4572 corbeiense
787 4519 837 4574 llu-
886 4519 995 4589 singulis
1006 4517 1205 4571 bebdomadibus
1214 4519 1444 4584 comissuuieututrr,
1460 4517 1595 4570 boruinieu
1615 4519 1675 4582 die,

43 4584 127 4639 eberii
145 4598 198 4636 ssu
218 4583 276 4638 lisl.
298 4583 378 4639 Febr.
397 4586 424 4638 iu
450 4584 577 4657 AEpgptu‚
594 4585 722 4650 Crucem,
740 4586 835 4657 i'grsi,
886 4597 978 4658 quartu
992 4586 1043 4652 die,
1061 4587 1088 4640 in
1103 4585 1254 4655 Perurrere,
1270 4597 1293 4640 et
1306 4585 1432 4654 subbato,
1448 4588 1542 4644 eduliis
1557 4588 1677 4645 dicbussi

44 4651 260 4719 descedente,
284 4663 336 4708 etc.
357 4655 494 4722 Quasdam,
518 4657 577 4710 aliis
593 4656 703 4720 diebus,
720 4655 742 4711 Τ
763 4673 835 4713 r-um
886 4663 968 4712 suncti
983 4659 1094 4729 alicujus
1109 4657 1230 4710 memorie
1244 4657 1384 4711 recudetur.

42 4725 153 4785 rolunt;
171 4723 256 4778 Greci
271 4739 346 4790 reru,
367 4728 392 4779 is
404 4725 551 4794 ttasangto
563 4725 662 4791 bestiti,
679 4727 723 4782 die
740 4672 770 4782 dt
786 4726 838 4784 lle·
922 4727 1046 4781 bEorum
1073 4742 1192 4793 corpere.
1223 4726 1364 4783 cumbritii
1385 4726 1488 4784 seilicet
1508 4736 1537 4784 et
1559 4725 1672 4785 sitiunt.

41 4794 173 4848 oerrtbris.
187 4793 306 4850 usatites
326 4804 419 4850 sancto
443 4794 529 4865 Tytsu
544 4795 675 4850 adduntur
692 4796 787 4851 Lucius
809 4807 837 4853 et
885 4796 1063 4852 consternere
1079 4796 1266 4868 settcti'iyrsi.

42 4863 201 4926 tutlintcus,
227 4861 370 4932 dequibus
385 4864 515 4919 ridendus
529 4866 665 4930 baronius,
681 4866 707 4923 itt
721 4868 790 4922 uotis
802 4869 836 4923 ud
922 4878 934 4907 e
948 4866 1056 4920 Nouem.
1074 4867 1110 4921 lte
1127 4869 1152 4921 itt
1168 4866 1252 4921 tertiis
1266 4865 1338 4922 Actis
1351 4865 1438 4942 (Apud
1453 4866 1629 4936 Reddendum).
1642 4867 1676 4923 dt

42 4930 274 5001 llartyrulogiutn.
292 4934 344 4990 Sed
365 4935 399 4989 de
413 4934 457 5001 iis,
481 4937 531 4989 lrac
553 4937 608 4998 die,
624 4946 670 4989 attt
691 4937 725 4991 de
737 4935 833 5008 Tyren,
886 4935 912 4993 ist
938 4938 1031 5007 primis
1044 4945 1072 4990 et
1084 4941 1208 4992 seeuudrs
1229 4938 1316 5008 (Apud
1332 4939 1459 5008 eutudent)
1483 4937 1577 5007 legitur
1595 4937 1675 4993 mini·

42 4999 108 5083 nibil
126 5008 171 5056 est
184 5005 210 5056 iu
226 5002 295 5057 llcda
311 5005 438 5074 genuino.
455 5005 520 5088 Acta
543 5006 627 5059 suncti
642 5005 719 5075 Tyrsi
740 5021 767 5061 et
791 5022 835 5062 eo·
885 5007 960 5062 stros'
968 5007 1046 5060 tribus
1059 5007 1129 5096 borir
1144 5021 1244 5062 serrum
1258 5007 1361 5089 frustm⁸
1369 5009 1493 5065 duxisse.
1507 5079 1513 5091 .
1653 5078 1658 5089 1

41 5084 157 5195 iiiii:
175 5075 836 5214 titt?ilditlttttt:“sbtiestitit.
885 5074 1675 5220 ...il‘ltltsl.ttlbtttltlt‘i'fnltdllmss‘ttdf

42 5222 166 5265 uetustus
188 5212 214 5264 in
238 5212 362 5282 disparia
383 5215 469 5268 cultus
489 5214 557 5283 rjus.
583 5215 647 5268 Erat
667 5215 705 5270 illi
725 5216 834 5272 basilica
884 5217 924 5270 nis
936 5216 1230 5289 uctrtispelpedrurejtr
1244 5218 1364 5283 etelii;at
1378 5232 1459 5271 ιιιιιιιι
1475 5232 1527 5271 ιιοιι
1542 5226 1671 5287 estuptus

40 5281 116 5349 issia
142 5279 278 5349 testeiam.
303 5282 379 5338 liudo
403 5285 522 5353 reliquie
546 5285 667 5337 drictum
695 5287 833 5342 translatae
883 5289 916 5341 ed
932 5285 1116 5352 evellendum,
1130 5301 1213 5356 quere
1237 5286 1378 5356 legendum
1395 5296 1459 5357 putu
1482 5287 1673 5351 uolsellir,eut

41 5360 114 5405 tres.
130 5349 266 5405 Caeterutn
281 5353 367 5408 sancti
381 5353 458 5421 Tyrsi
480 5364 507 5408 et
526 5353 660 5408 sociorum
685 5365 832 5424 martyrum
883 5357 995 5410 rslsedr'r
1009 5358 1109 5421 ucucis,·
1123 5359 1244 5412 estruim
1259 5356 1375 5420 emerite,
1387 5367 1432 5410 aut
1442 5354 1557 5423 retecta,
1574 5359 1672 5414 butru-

40 5420 152 5477 luttu'ur
166 5419 349 5478 diversimode
369 5423 395 5478 ln
412 5422 608 5495 llartgrologiis
627 5427 725 5493 scripta
741 5425 835 5493 legun·
883 5437 1002 5480 mentum
1017 5428 1113 5497 quibus
1127 5427 1194 5494 pilos
1208 5425 1372 5480 evellebant.

40 5494 93 5559 Ιιιι.
117 5488 160 5545 lle
186 5488 246 5546 loco
260 5492 380 5564 martyrii
401 5506 426 5548 ct
442 5492 485 5549 die
500 5494 632 5560 passionis
647 5493 717 5548 ltattd
738 5497 833 5563 exigue
920 5506 932 5534 ⁸
948 5495 1112 5551 Ductoribus.
1129 5498 1205 5550 l’turs
1216 5496 1248 5551 de
1264 5495 1314 5550 bae
1329 5510 1357 5549 re
1373 5497 1441 5565 lego,
1453 5498 1474 5550 si
1484 5506 1570 5563 tuest,
1587 5498 1612 5552 in
1626 5513 1673 5554 se-

39 5571 79 5619 rst
112 5558 243 5615 serietas.
269 5563 338 5618 Sunt
364 5565 446 5619 etiam
499 5564 524 5617 ui
560 5575 683 5618 sunctum
718 5564 832 5635 Tyrsurn
882 5567 978 5621 cuutlis
992 5576 1020 5619 et
1034 5565 1119 5619 tertiis
1134 5565 1249 5619 sunctil
1271 5566 1306 5618 rsi
1320 5567 1406 5629 betis,
1420 5566 1489 5635 opud
1502 5567 1673 5626 bullandum.

39 5624 192 5697 ittsprnun
216 5645 314 5698 genere
337 5641 363 5688 et
379 5635 467 5688 ciuem
514 5632 648 5688 olctunum
671 5634 771 5687 dicunt.
796 5636 832 5692 lte
919 5632 930 5674 ί
946 5632 978 5688 ln
994 5635 1123 5704 ferocium.
1141 5636 1210 5704 Lege
1225 5652 1231 5687 ε
1247 5580 1354 5688 ἶιιιιίι
1366 5636 1445 5690 rtindu
1458 5638 1671 5701 coutritrtifflott·

38 5710 135 5760 eructo
149 5699 239 5772 tyrso
253 5703 313 5758 silet
325 5702 479 5760 drutiouele
491 5702 634 5761 Gutbicum
649 5703 806 5763 blutrcbinii.
883 5704 924 5763 [ιι
936 5706 1022 5780 prims
1038 5716 1123 5762 sunctt
1138 5703 1217 5780 Tyrsi
1233 5707 1297 5762 dcte
1313 5706 1404 5765 citata.
