3772 6120
125 114 174 171 ort
492 106 641 168 ursssus
659 106 794 166 stxruu
813 107 891 167 seo.
912 109 992 169 nso.
1012 110 1045 165 a.
1064 108 1201 169 rsroonr.
1221 138 1255 150 -
1275 107 1363 166 rans
1382 109 1404 164 ι.
1504 60 1516 79 ’
1712 109 1763 165 aas

127 233 238 282 renatus
252 221 330 278 luerit
344 234 376 276 cs
391 235 458 292 aqua
472 227 501 275 et
510 218 612 288 Spiritu
624 218 723 276 Sancto
737 234 746 273 ι
762 233 815 273 non
826 223 915 289 potest
929 223 954 282 Α
968 226 1025 275 tora
1036 220 1124 290 siqoat
1133 219 1266 290 equalem.
1281 219 1332 276 Per
1346 217 1427 290 botius
1441 219 1513 275 enim
1524 217 1588 276 lldei
1603 219 1762 279 inviolabile

127 317 237 373 introire
251 315 278 369 in
294 328 403 383 rogatum
421 309 477 366 llel.
501 310 577 380 Quod
601 319 692 364 natum
707 319 749 364 cst
762 322 795 364 cx
812 323 913 364 carne:
967 312 1122 383 mysterium
1142 323 1150 362 :
1171 312 1354 367 custodiamus
1379 313 1436 380 spol
1464 321 1556 367 nostre
1582 312 1757 372 irumutabssle

126 423 189 464 caro
210 418 269 462 est:
284 415 312 462 et
339 403 410 473 qood
435 416 526 458 nanno
551 412 592 457 est
615 417 649 457 cx
671 400 766 470 spirito
782 419 789 455 ε
805 401 915 469 spiritus
967 415 1177 461 sacramentum.
1193 406 1229 459 Ex
1245 405 1295 458 boe
1311 417 1337 459 te
1351 417 1497 472 quesumus
1513 416 1524 456 t
1543 413 1572 458 ut
1585 421 1648 459 roan
1665 405 1762 462 uostris

123 506 175 552 est.
202 494 260 550 Non
285 493 391 548 irriseris
413 493 473 561 quia
496 491 553 547 disi
569 491 760 558 tibitoportet
778 478 914 545 cosnosci
965 499 1010 568 qui
1033 497 1090 568 iam
1113 513 1128 551 a
1150 496 1243 553 seculo
1263 503 1475 568 precesserant:
1495 495 1540 564 qui
1566 496 1649 551 etiarn
1675 497 1761 568 ipsius

125 587 224 640 ιιιιιιιο.
241 583 358 654 Spiritus
381 583 424 637 obi
445 582 501 637 vob
517 582 619 652 spirat:
636 590 664 637 et
683 597 775 636 racem
790 581 849 650 ajars
863 597 913 635 ao·
965 590 1080 659 spiritns
1101 589 1140 644 nd
1161 589 1252 644 Samo
1279 587 1350 640 doira
1375 587 1459 640 carrad
1485 596 1548 640 som
1565 602 1574 643 ε
1593 600 1761 658 quorumque

125 678 167 732 dis
181 694 188 731 :
202 679 249 732 sed
271 680 360 731 nescis
385 677 455 730 unde
482 674 591 729 vestiat:
606 682 633 729 et
654 689 706 742 quo
721 672 809 729 radat.
829 673 873 728 Sic
887 682 916 728 et
967 691 1028 732 ante
1042 678 1127 733 altare
1141 688 1216 732 tuum
1229 678 1394 732 mentionem
1409 691 1470 730 cum
1488 686 1606 732 trertrorc
1628 676 1758 734 lacirnus:

124 774 213 829 omnis
235 774 280 842 qni
302 783 381 827 natm
395 779 438 827 est
450 785 482 826 ex
496 770 603 839 spiritu.
620 766 768 838 Respondit
781 766 913 822 Nicbode·
966 767 1046 824 simul
1059 767 1166 822 obviam
1180 766 1326 822 insecandi
1339 768 1469 821 adrentus
1485 769 1592 823 boruini
1608 771 1694 824 nostri
1709 771 1760 825 clu·

126 878 185 916 ratris
199 880 205 916 :
220 871 247 916 et
260 863 327 916 disis
348 861 384 916 ei.
409 861 550 927 Quomodo
577 866 664 928 potest
690 860 741 912 boc
766 857 846 912 llcrii
862 855 914 912 lie·
965 864 1046 916 ritate
1061 859 1173 915 ieliciler
1186 875 1370 915 occurramus.

124 956 231 1020 sportdit
258 953 358 1008 iesus:
372 965 398 1006 et
422 949 488 1006 rtisit
507 951 543 1006 ei.
565 950 604 1004 To
628 964 657 1006 es
682 949 854 1019 magisterio
874 949 913 1004 ls·
1008 950 1046 1018 ιι.
1062 950 1158 1005 Anien.

123 1047 178 1100 rael
199 1055 227 1100 ιι
248 1045 298 1100 laec
321 1043 449 1114 igriorasi
478 1045 561 1097 driaco
582 1056 660 1095 einen
683 1040 744 1094 dico
767 1039 836 1095 tibi:
850 1040 913 1110 quia
1000 1042 1042 1095 dd
1056 1057 1156 1113 pacem.
1171 1039 1464 1097 orariaoderamium
1488 1049 1582 1096 eterne
1606 1041 1679 1098 Deus
1701 1059 1758 1100 sus-

123 1136 194 1205 quod
219 1136 319 1190 seiron-
336 1153 342 1188 ε
359 1135 494 1205 loqoirour
509 1152 515 1187 :
532 1143 559 1188 et
582 1134 653 1203 qnod
676 1134 791 1188 vidimus
806 1150 812 1186 :
829 1140 913 1187 tessa-
964 1130 1051 1198 ceptis
1074 1131 1256 1187 oblationibus
1273 1143 1281 1182 :
1300 1129 1378 1185 cilice
1393 1145 1444 1185 nias
1469 1131 1565 1200 spiritu
1581 1133 1718 1190 lercenres
1730 1147 1757 1192 et

32 1254 44 1275 ,ι
126 1234 250 1282 ιιιιιιιιι
272 1225 455 1279 testimonium
480 1233 604 1280 rtostrum
635 1240 688 1279 troo
722 1223 854 1292 accipitis.
884 1222 914 1278 Si
964 1221 1096 1277 charitate
1118 1221 1277 1288 locupletes.
1302 1222 1361 1289 Quo
1388 1222 1517 1276 unitatem
1544 1225 1656 1292 spirirus
1679 1226 1756 1298 258

126 1333 232 1375 romena
263 1320 317 1375 dixi
347 1320 423 1374 robis
446 1329 475 1375 ιι
497 1335 550 1376 oon
578 1321 711 1377 creditis:
731 1318 866 1389 quomodo
891 1317 913 1374 si
964 1321 1105 1368 servantes
1119 1311 1146 1366 in
1160 1313 1268 1367 uinculo
1284 1313 1357 1379 pacis
1377 1326 1385 1364 ι
1405 1313 1481 1366 illius
1496 1314 1568 1367 diario
1578 1315 1635 1383 juro
1649 1316 1757 1396 inspica-

123 1411 218 1463 elisere
237 1407 314 1462 robis
333 1407 440 1463 celestia
461 1421 469 1462 :
488 1409 625 1465 credetis?
645 1411 678 1465 Et
695 1425 775 1465 rrenro
792 1408 915 1475 aseendit
966 1418 1026 1457 tour
1051 1403 1077 1457 in
1104 1403 1183 1458 terris
1202 1416 1210 1456 :
1230 1402 1307 1473 cujus
1337 1405 1497 1458 inlusionem
1524 1407 1657 1463 advenire
1682 1410 1756 1465 uobis

123 1501 151 1556 in
173 1501 284 1556 celum:
304 1498 355 1556 nisi
369 1501 413 1571 qui
428 1501 569 1558 deseendit
582 1503 616 1559 de
630 1504 687 1560 celo
705 1518 713 1558 :
733 1503 802 1559 illius
824 1501 912 1557 botni-
964 1497 1176 1567 expectamusin
1190 1497 1264 1551 celis·
1287 1496 1324 1558 s·
1339 1498 1435 1551 darien.

124 1596 166 1649 nls
189 1594 235 1663 qul
256 1600 299 1650 est
322 1595 348 1649 in
367 1593 436 1650 celo.
454 1593 487 1649 Et
500 1596 571 1650 sicut
587 1595 694 1667 llopses
713 1595 842 1650 exaltarit
855 1581 951 1648 ser-B
1000 1587 1109 1643 ltlslls·
1135 1587 1248 1658 Digitum
1268 1598 1296 1642 et
1315 1586 1475 1658 j¹¹⁸¹¹1¹¹¹0⁸l
1493 1603 1501 1640 ²
1522 1597 1550 1643 ul
1575 1597 1602 1643 te
1629 1588 1714 1644 Deum
1732 1601 1756 1646 et
1776 1650 1779 1655 .

123 1693 231 1755 pentem
247 1685 275 1740 in
288 1684 395 1740 deserto
408 1703 414 1738 z
429 1685 465 1741 lta
479 1686 591 1739 exaltari
605 1695 713 1754 oportet
729 1685 811 1739 lilium
826 1683 914 1739 locasti·
966 1681 1073 1735 celestia
1089 1688 1116 1734 et
1130 1689 1234 1735 terrena
1257 1680 1431 1735 conlaudent.
1447 1680 1497 1748 Qui
1522 1696 1573 1738 nos
1593 1682 1692 1752 spiritu
1715 1693 1755 1739 tuo

122 1779 186 1833 nis:
206 1786 234 1831 ιιι
257 1775 344 1831 omnis
357 1774 404 1846 qui
417 1776 502 1831 credit
523 1777 549 1832 in
570 1777 628 1845 ipso
649 1791 702 1832 ocra
725 1786 844 1850 percote
864 1775 912 1832 sed
965 1771 1047 1826 doces
1072 1779 1178 1825 terrena
1206 1785 1351 1838 respuere:
1367 1771 1476 1826 celestia
1501 1771 1603 1827 sectari
1625 1787 1753 1828 :earnem

122 1870 219 1923 babeat
232 1867 313 1922 airam
328 1880 457 1922 eternam.
477 1868 514 1935 ιι.
529 1869 625 1923 Areten.
966 1876 1093 1917 coercere
1115 1863 1225 1931 jeiuniis
1241 1863 1399 1917 rrrsoleotenr
1420 1873 1427 1912 :
1447 1862 1528 1918 corda
1543 1878 1661 1934 purgare
1675 1865 1755 1919 corru-

154 1960 231 2014 Dieor
256 1957 398 2015 Presbitcr.
422 1960 549 2015 bonrinus
573 1961 608 2015 sit
633 1974 740 2031 semper
764 1961 911 2017 vobiscum.
965 1970 1017 2010 nos
1032 1955 1233 2012 larrreaitatiooe.
1251 1958 1307 2010 Non
1320 1958 1406 2013 attolli
1420 1959 1446 2012 in
1460 1960 1598 2028 prosperis
1616 1968 1624 2008 :
1645 1973 1700 2013 arou
1712 1958 1753 2014 ‘lc-

128 2052 166 2122 ιι.
181 2055 291 2106 ιιιιιιιι.
962 2047 1009 2118 jai
1031 2051 1059 2104 in
1084 2042 1213 2104 adversis.
1230 2048 1357 2105 Veritatis
1372 2064 1481 2119 sperare
1496 2051 1661 2119 promissum
1680 2063 1688 2102 :
1706 2051 1754 2119 spi·

158 2154 171 2180 ¹
184 2143 287 2197 Laterio.
303 2142 428 2213 Alleluia.
452 2142 619 2211 mandato
629 2143 773 2199 boiariorum
784 2144 818 2201 tle
831 2144 912 2205 celis:
965 2145 1033 2198 ritus
1059 2145 1199 2214 prestolari
1222 2142 1352 2200 solacium
1370 2155 1379 2195 s
1400 2143 1524 2197 Paracliti
1548 2144 1688 2199 sustinere
1712 2141 1752 2195 ad·

120 2235 227 2293 laudale
238 2250 299 2291 eum
315 2239 341 2290 io
356 2235 480 2291 excelsis.
498 2233 531 2288 P.
549 2235 674 2307 Alleluia.
965 2247 1086 2291 rentum.
1112 2235 1150 2290 Es
1175 2235 1226 2290 lico
1251 2236 1362 2291 botralne
1377 2246 1482 2303 tuorum
1498 2238 1694 2306 premissorum
1709 2249 1751 2288 aos

157 2326 333 2388 Soerilieisnt.
359 2326 456 2381 Tollite
482 2326 592 2381 hostias.
621 2328 754 2394 Querela
779 2327 912 2385 Dentinico
964 2328 1068 2397 gaudiis
1091 2337 1265 2396 preparantes
1288 2341 1413 2397 roqamus
1432 2341 1439 2379 :
1460 2336 1488 2381 ut
1502 2327 1654 2381 descendat
1678 2339 1752 2394 super

123 2426 180 2489 post
194 2419 374 2474 disertiorem
389 2417 494 2474 bomini
504 2420 551 2490 sal.
562 2417 627 2475 255.
965 2433 1015 2473 aros
1036 2421 1120 2486 gratie
1136 2431 1180 2489 tue
1195 2421 1279 2474 uirtus
1294 2430 1322 2473 et
1337 2419 1490 2474 benedictio
1515 2418 1608 2473 Sancti
1633 2418 1749 2487 Spiritus.

158 2507 250 2566 Misso.
272 2509 384 2578 Semper
400 2510 508 2580 quidem
525 2509 692 2566 dilectissimi
709 2510 806 2567 lratres
818 2516 913 2570 crebre
964 2510 1023 2575 Quo
1037 2510 1155 2563 iiroosati
1171 2519 1252 2580 atque
1272 2510 1391 2565 attonderi
1406 2526 1468 2565 euru
1483 2520 1572 2563 tecum
1587 2519 1615 2563 et
1629 2522 1690 2562 coru
1705 2504 1749 2560 Ρι-

121 2600 259 2656 orationes
278 2614 339 2655 csse
360 2598 459 2655 debent
475 2599 657 2656 unanimitatis
675 2613 684 2652 ι
703 2602 866 2657 eharitatis:
886 2612 914 2659 et
965 2607 1006 2655 tre
1025 2601 1114 2668 equali
1138 2599 1240 2656 deitate
1264 2612 1420 2671 regnantem
1448 2601 1591 2656 leudeinus
1609 2616 1616 2655 τ
1638 2597 1748 2670 stragul-

124 2694 236 2764 simplex
253 2692 373 2749 lrateme
395 2693 547 2749 dilectionis
568 2693 684 2749 allectio.
700 2693 753 2750 Sed
765 2710 836 2751 nuuc
851 2711 912 2766 pre·
964 2708 1057 2749 cernuis
1074 2709 1083 2748 a
1103 2701 1184 2764 atque
1198 2694 1233 2749 ita
1257 2695 1389 2749 dicaturus.
1412 2693 1451 2764 ιι.
1477 2694 1606 2749 Saraetos.
1633 2692 1746 2748 Sarietos.

121 2786 201 2855 cipue
218 2784 307 2839 omatis'
320 2785 353 2839 de
369 2787 468 2839 nostris
492 2784 673 2839 cxlraurienda
695 2785 848 2853 pectoribus
871 2796 913 2842 est
965 2785 1090 2842 Sanctus.

120 2877 245 2933 odiorum
260 2875 410 2933 aroaiitodo
424 2893 485 2932 com
501 2879 590 2932 Sancti
614 2876 732 2947 Spiritus
755 2889 913 2950 expectatur
1001 2875 1066 2931 Post
1088 2878 1210 2933 Sanctus.
1230 2876 1301 2934 Vere
1323 2877 1439 2933 Sanctus
1467 2891 1530 2930 vere
1557 2876 1746 2930 borredirruses

121 2965 249 3024 infusius
268 2976 296 3024 ιι
317 2967 473 3023 aduenienti
498 2968 613 3023 boorioo
636 2968 724 3024 nitens
741 2951 911 3040 estparioda
926 2934 950 2997 C
965 2967 1153 3026 Dourinelesu
1169 2970 1286 3026 Christe.
1312 2971 1362 3039 Qui
1384 2973 1510 3025 datorum
1535 2979 1562 3024 te
1587 2973 1665 3024 anobis
1683 2972 1746 3024 illam

20 3106 22 3111 .
120 3057 787 3130 possessio.Elquiapatresdoctoresqoenostrl
803 3063 913 3133 inquo·
964 3057 1094 3130 Spiritum
1123 3061 1271 3132 promisisti
1300 3064 1326 3116 in
1352 3076 1463 3117 munere
1481 3074 1490 3117 ι
1509 3075 1592 3130 quoru
1622 3060 1669 3117 tibi
1693 3076 1745 3115 eum

120 3166 182 3209 rum
207 3152 288 3208 corda
302 3153 344 3208 uel
357 3155 460 3209 viscera
475 3155 646 3224 ommipotens
661 3153 733 3210 bens
746 3154 798 3211 boc
810 3153 911 3210 dorum
964 3150 1045 3208 Patre
1067 3154 1193 3208 norimus
1218 3153 1374 3224 coequalem
1393 3154 1521 3210 existere.
1537 3152 1589 3208 l‘er
1604 3163 1631 3208 ιι
1646 3152 1747 3207 Morinis

122 3243 255 3312 promisse
276 3245 502 3299 remunerationis
525 3243 643 3300 inludit:
664 3254 693 3300 ιιι
708 3245 913 3303 reminiscamur
963 3261 995 3302 ac
1010 3245 1164 3316 redempter
1179 3254 1283 3302 eterne.

121 3332 193 3389 diem
209 3348 335 3404 maqnorn
351 3346 360 3386 τ
379 3334 556 3389 unatrimltate
571 3333 688 3388 corrnexi
707 3348 715 3387 t
734 3334 852 3390 divinam
865 3350 913 3391 ex·
1000 3335 1064 3392 Post
1075 3337 1168 3408 pridie.
1182 3337 1283 3392 Orotic.
1303 3336 1420 3407 Spiritus
1433 3333 1534 3393 Sancte
1548 3335 1594 3406 qui
1609 3351 1624 3388 a
1641 3335 1746 3390 Petreet

121 3435 232 3495 pectere
245 3424 337 3480 Sancti
349 3423 467 3492 Spiritus
483 3424 663 3480 visitationem
681 3435 691 3479 ι
709 3426 820 3497 quibes
833 3424 914 3483 obtu·
962 3425 1034 3483 Filio
1058 3428 1200 3499 procedis:
1217 3428 1259 3484 lais
1273 3428 1411 3499 propicius
1439 3427 1559 3483 inlabere
1580 3424 1743 3482 boloeaustis.

122 3517 210 3574 lerant
225 3515 396 3573 claritatem.
963 3515 1023 3585 Quo
1041 3518 1087 3589 qui
1102 3533 1117 3572 a
1134 3517 1214 3574 Patre
1235 3533 1266 3574 es
1289 3517 1470 3588 repromissos
1488 3530 1496 3569 :
1515 3517 1743 3571 sancrilicatiooem

163 3611 201 3671 ιι.
217 3611 314 3666 Amen.
965 3606 1118 3663 ‘humanis
1139 3608 1270 3664 ealdbeas
1285 3617 1453 3678 presentatus
1471 3621 1479 3660 s
1499 3611 1660 3680 repleasque
1672 3624 1743 3679 spru·

155 3699 215 3754 Alio
233 3699 334 3754 Oratio.
359 3699 444 3769 ltnple
458 3715 507 3756 nes
522 3700 594 3758 beos
615 3702 715 3772 Spiritu
737 3704 837 3762 Sancto
854 3720 863 3762 ι
883 3707 926 3764 in·
963 3703 1048 3758 sionis
1073 3702 1199 3760 mercede
1217 3713 1226 3756 ι
1245 3718 1321 3784 quos
1336 3712 1363 3761 ιι
1381 3704 1545 3775 promissum
1571 3703 1681 3776 inspicis
1703 3717 1742 3760 ss·

118 3807 172 3863 quc
194 3791 290 3863 signati
311 3807 405 3849 somus
421 3807 430 3846 ι
449 3801 478 3848 ιι
501 3808 515 3847 a
536 3792 760 3866 qraobraogtmur
781 3808 810 3854 ιιι
824 3803 911 3856 salac-
962 3802 1079 3864 discisis·

122 3900 191 3939 snus.
208 3884 244 3941 ba
259 3883 338 3939 laodic
359 3899 409 3938 nos
425 3884 495 3939 idem
511 3885 625 3953 Spiritus
639 3903 796 3956 preveniens
814 3889 841 3945 in
861 3891 913 3947 ml·
1004 3884 1151 3954 S-Amen.

119 3978 256 4034 ιιιιιιιιιιι
271 3991 286 4030 a
304 3976 410 4031 delictis
436 3979 588 4032 erutrndctt
607 3990 634 4035 et
660 3995 719 4035 cras
741 3981 767 4034 in
792 3983 912 4040 muneris
996 3977 1038 4030 M
1056 3975 1203 4033 Orationem
1217 3978 1389 4036 θοιιιίιιὶιιιιιι.

119 4068 274 4124 conlatione
289 4067 431 4136 plorilleet.
448 4068 559 4124 llodic⁶
580 4074 701 4126 maculas
713 4072 806 4126 abluat
822 4086 830 4125 :
849 4087 911 4129 cras
1001 4067 1153 4124 Descende!
1171 4070 1285 4128 Domine
1303 4072 1338 4128 etl
1355 4086 1403 4127 uos
1416 4071 1533 4140 Spiritus
1546 4071 1661 4129 Saucius
1679 4082 1689 4124 ι
1705 4082 1744 4142 ιιι

119 4157 190 4214 dona
215 4157 367 4213 distribuat.
392 4157 478 4212 llodie
507 4160 623 4230 linquam
646 4169 769 4217 suestram
794 4163 820 4217 in
845 4178 911 4221 toee
963 4176 1045 4229 quern
1061 4168 1090 4216 et
1104 4163 1232 4218 mundata
1248 4175 1356 4236 pectora
1371 4176 1464 4221 oosrra
1477 4180 1539 4222 com
1553 4181 1588 4221 eo
1601 4167 1659 4234 ipse
1671 4165 1744 4236 possi·

122 4250 136 4290 ι
153 4251 332 4308 ronlessionis
352 4253 457 4322 aperiat
473 4267 481 4306 ι
501 4262 529 4308 ιι
550 4267 611 4309 cras
625 4255 739 4312 earrdem
753 4252 835 4312 iaciat
848 4272 912 4331 pre·
924 4288 952 4352 Β
963 4250 1029 4307 deus
1047 4263 1056 4304 ι
1075 4259 1104 4308 ot
1115 4254 1262 4311 institutam
1276 4270 1292 4310 a
1306 4267 1333 4312 te
1346 4257 1495 4312 orationem
1510 4257 1653 4327 suscipias.
1671 4256 1703 4314 llt
1715 4256 1743 4310 its

117 4343 208 4399 dicare
218 4343 348 4412 magnalia
363 4353 419 4398 tua.
431 4343 491 4411 Quo
502 4343 556 4414 jam
568 4345 649 4401 bodie
666 4362 713 4413 per
727 4345 816 4417 ipsum
828 4349 907 4404 tacti:
963 4359 1016 4401 ooo
1036 4360 1085 4418 per
1104 4361 1156 4403 nos
1173 4364 1181 4403 :
1200 4348 1248 4404 sed
1269 4363 1318 4419 per
1331 4348 1407 4404 illurn
1424 4357 1516 4404 nostra
1531 4347 1652 4419 secipias
1666 4357 1744 4416 pono·

122 4437 158 4490 ita
174 4449 301 4489 eruamur
316 4435 456 4490 acrimine
474 4443 483 4483 ι
503 4445 532 4491 ιιι
544 4450 604 4492 cras
617 4438 760 4509 dignarum
770 4438 797 4495 io
812 4441 911 4496 nestris
962 4435 1017 4492 lata
1035 4451 1045 4491 r
1063 4439 1134 4496 sicut
1150 4454 1197 4510 per
1211 4440 1285 4496 illum
1299 4456 1352 4496 oon
1368 4454 1480 4511 pernes
1495 4452 1587 4496 nostra
1601 4441 1676 4496 deles
1690 4437 1743 4494 laei-

118 4526 211 4598 jubeat
225 4525 352 4582 cordibus
367 4525 499 4583 babitare.
964 4545 1041 4586 nora.
1058 4532 1161 4600 Quoeo
1172 4530 1216 4600 qni
1232 4542 1319 4586 recum
1334 4541 1361 4586 et
1373 4546 1435 4587 curo
1450 4530 1530 4586 Patre
1542 4543 1639 4603 regirat
1652 4529 1744 4600 equalis

162 4617 200 4686 ¹l·
217 4618 311 4673 diaron.
963 4620 1150 4692 interpellante
1165 4637 1214 4691 pro
1230 4622 1307 4678 nobis
1324 4635 1332 4677 τ
1353 4637 1401 4692 per
1413 4637 1476 4679 eous
1498 4621 1532 4678 ad
1554 4633 1580 4679 te
1603 4626 1743 4692 puaelnoe·

154 4705 218 4760 Post
243 4705 359 4760 notariae.
387 4704 488 4765 oretis.
521 4708 620 4766 Emitte
648 4710 760 4768 bomine
785 4714 909 4783 spiritum
962 4721 1155 4776 musererris.
1170 4720 1365 4776 l’aterooster.

118 4798 270 4869 adoptionis
287 4815 295 4855 t
315 4799 343 4855 in
363 4817 416 4871 tqco
428 4801 580 4858 clamemus
597 4804 645 4858 tibi
662 4818 670 4857 a
690 4803 758 4862 abba
770 4804 859 4861 Pater.
874 4805 909 4862 tn
998 4811 1074 4866 biert
1090 4811 1180 4866 Presb.
1204 4812 1348 4868 llumiliate
1358 4827 1407 4867 vos
1417 4810 1612 4868 benedictioni.
1624 4809 1744 4866 bominis

118 4898 296 4950 conliteamur
312 4906 322 4946 t
341 4895 466 4967 quostiam
493 4904 521 4950 tu
544 4909 575 4951 es
605 4895 735 4967 unigeniti
764 4899 801 4951 toi
829 4912 908 4955 seros
961 4902 997 4960 sit
1009 4917 1116 4972 semper
1130 4903 1278 4960 uobiscum.
1302 4905 1340 4974 ιι.
1353 4904 1386 4958 lit
1399 4920 1469 4959 cum.

119 4985 198 5041 Pater
216 5003 224 5043 ι
243 4997 271 5043 ιι
291 5002 486 5059 cogitoscamus
505 4991 568 5058 quia
586 4989 675 5045 rarrllns
689 4993 714 5046 ei
728 4989 824 5047 similis
839 4993 909 5048 inter
995 4994 1157 5054 Benedictio.
1182 4998 1359 5068 expectantes
1382 5015 1412 5056 se
1424 5019 1431 5053 ι
1443 5000 1559 5071 Spirittts
1585 5000 1685 5057 efficiat
1697 4998 1745 5054 in·

120 5077 202 5134 Filios
215 5079 273 5136 liei.
289 5081 374 5150 Quem
400 5096 455 5137 raon
479 5083 525 5137 tibi
551 5081 662 5152 adoptio
680 5097 689 5137 r
707 5081 755 5140 sed
770 5087 908 5156 generatio
961 5088 1136 5144 maculatose
1151 5089 1287 5144 sordibus.
1309 5089 1348 5159 ιι.
1365 5091 1460 5146 dureo.
1484 5092 1597 5162 llepleat
1623 5104 1745 5148 mernere:

118 5171 382 5230 consubstantialis:
401 5190 489 5244 oeque
511 5175 598 5245 qratia
622 5175 737 5232 similem
756 5190 764 5230 :
783 5177 831 5231 sed
859 5191 906 5232 na·
960 5193 1027 5250 qrros
1039 5194 1069 5234 se
1083 5179 1193 5250 inspicit
1205 5182 1349 5238 sustinere.
1375 5171 1525 5251 sidereo.
1549 5183 1657 5241 Utrum
1671 5195 1746 5238 sene·

151 5287 339 5347 ·1.ιιιιάιι.Ρι.
354 5306 462 5358 ιιιιιιι,
479 5294 505 5348 l.
843 5302 852 5311 “
923 5292 1262 5366 ¹(Tm.‚deBoptismo‚
1278 5295 1398 5368 cass).

151 5358 163 5398 b
179 5359 330 5429 Tonpirnsr.
347 5363 416 5432 [ιιι
428 5381 444 5416 o
457 5379 506 5432 quc
521 5362 652 5434 tirrpimur.
998 5361 1012 5402 ἅ
1026 5363 1209 5434 confessionis.
1224 5367 1324 5422 alludit
1335 5366 1369 5423 ad
1381 5367 1441 5425 lidei
1453 5367 1660 5433 confessionem,
1672 5383 1747 5440 quarn

154 5429 300 5484 euocatos
314 5431 411 5485 obium.
431 5434 533 5487 llllodit
545 5436 579 5487 ad
598 5432 728 5501 baptisma
748 5431 817 5503 quod
837 5432 905 5490 Sab·
961 5432 1112 5505 baptizandi
1127 5437 1213 5505 palam
1228 5435 1369 5494 iaciebant.

115 5498 178 5559 bato
199 5500 371 5558 Pentecostes
394 5503 604 5571 conserebatur,
626 5517 702 5560 ruore
726 5502 906 5560 uetustissimo
997 5505 1164 5563 ‘Hebionis
1181 5505 1269 5576 Forte,
1286 5509 1494 5565 inmanissimam.
