3772 6120
115 297 171 355 tea

495 293 641 354 missile
659 295 793 356 tttxttltt
812 297 887 358 SEC.
908 300 990 359 REG.
1010 302 1040 358 it.
1060 302 1194 361 istnont.
1209 334 1243 350 ἰ-
1261 303 1350 363 Paos
1369 306 1401 363 11.

1707 278 1759 371 rm

116 411 237 483 alleluja.
264 410 382 467 Verbum
404 407 489 480 glorie
509 416 537 464 et
559 407 585 462 io
611 409 693 465 corde
714 424 763 465 suo
783 409 911 482 bymnnm
927 405 949 473 ,i
964 413 1032 468 ravit
1048 431 1091 471 me
1105 427 1264 474 ornamento
1279 437 1286 473 ι
1302 419 1371 475 sicut
1386 430 1456 476 terra
1471 437 1522 490 orte
1537 422 1663 490 producit
1677 422 1758 482 dores

118 508 188 565 disit
203 524 210 560 r
226 503 344 574 alleluja.
373 503 410 573 i.
430 501 587 558 Cunirtcbor
608 503 654 557 tibi
676 503 791 559 Domine
813 505 840 557 in
859 512 917 558 toto

117 598 202 656 corde
211 610 289 654 ttteo:
301 593 417 650 narrabo
428 595 520 650 omnia
534 594 665 649 mirabilia
679 604 733 648 tua.
744 593 779 649 P.
787 594 916 651 ternnrn.

126 692 164 759 5.
180 688 270 746 Gloria
284 694 313 742 et
325 685 411 741 boner
422 684 495 741 Patri
513 703 520 739 :
535 694 562 740 ct
575 684 642 740 Filio
659 703 664 737 :
680 694 709 741 et
723 684 837 754 Spiritui
848 685 916 742 Sao·

116 793 163 840 cto
180 801 187 837 z
202 781 229 835 in
244 778 336 836 secula
350 777 504 834 seculorum
521 788 634 832 tamen.
649 774 684 831 P.
702 775 833 832 Verbum.

155 870 257 926 Drmie.
271 868 382 948 ‚tenter
399 877 426 924 te
442 866 553 923 Domine
574 866 664 939 lingna
681 876 774 922 nostra
790 884 796 920 ε
812 881 918 923 annun·

118 961 217 1017 riaodo
228 958 352 1030 justicias
373 966 443 1014 tuas.
463 957 497 1012 iit
514 956 634 1013 exaltent
654 957 724 1013 labia
744 965 834 1013 nostra
857 972 918 1028 pre·

115 1053 197 1109 conia
215 1051 337 1110 rerltatis
353 1066 361 1103 ι
377 1057 472 1104 utnon
489 1046 670 1104 dissolvantur
692 1049 848 1121 vaniloquio
867 1048 916 1104 ial-

117 1145 217 1201 sitatis.
242 1142 342 1213 Sicque
365 1140 412 1197 tibi
436 1137 590 1195 rorrdtendo
612 1137 737 1195 remissis
759 1139 919 1196 criminibus

118 1240 271 1296 exnltcmus
285 1254 292 1290 ε
307 1245 338 1292 ιι
356 1236 383 1291 in
401 1235 608 1304 congregatione
626 1233 761 1304 jrrsrcnun
780 1232 857 1289 sacro
872 1248 919 1303 ag·

118 1332 194 1388 nriee
216 1331 389 1387 decantantes
412 1344 420 1381 a
440 1324 496 1382 vite
517 1326 597 1382 beate
618 1325 775 1381 eliciamur'
791 1325 914 1382 heredes.

127 1425 167 1490 ri.
182 1426 278 1478 Amen.
293 1421 345 1477 Per
357 1419 569 1475 misericordiam
585 1427 657 1474 tuarn
674 1418 744 1475 Deos
756 1428 849 1475 nester
862 1428 917 1475 etc.

120 1515 251 1570 Darninns
263 1513 298 1568 sit
311 1525 417 1581 semper
429 1510 580 1566 nobiscum.
601 1509 620 1577 tl
632 1550 640 1563 .
652 1508 686 1564 lit
700 1524 773 1565 cunr.

155 1605 284 1678 Proietic.
304 1603 440 1661 liulieiem
464 1604 572 1659 iurtem.
595 1601 705 1675 linguire
719 1603 746 1656 ia
760 1600 918 1658 Sanctorum

117 1696 194 1752 «laste
209 1703 232 1749 et
249 1694 351 1764 dudae.
364 1693 411 1766 [ol.
426 1691 490 1747 ait.

968 519 1033 561 suos
1050 525 1056 560 :
1072 518 1099 562 et
1113 508 1182 565 sicut
1197 509 1334 578 paradisus
1352 513 1472 582 germina
1487 527 1545 568 sua.
1564 511 1598 570 P.
1616 514 1649 570 iit
1663 517 1760 573 domm

969 597 1108 653 orationis.

1006 689 1098 748 libau.
1119 693 1232 750 Domine
1248 695 1311 751 lesu
1330 696 1434 754 Christe
1455 699 1521 769 :qui
1542 699 1575 754 ad
1595 701 1758 772 agnitionem
1785 688 1790 696 ’

969 782 1006 838 tui
1022 785 1139 841 ocrrrinis
1152 786 1260 842 liariam
1271 787 1454 858 magdalenen
1465 789 1564 847 ducere
1574 790 1698 865 dignane
1709 808 1739 849 cs
1752 813 1758 845 ·.

969 886 997 934 et
1007 892 1065 934 eant
1076 894 1092 933 a
1104 895 1173 936 nem
1184 882 1325 939 criminum
1339 891 1382 939 tua
1394 884 1512 941 bonitate
1523 885 1628 942 solrere
1641 886 1758 942 voluisti.
1838 927 1843 937 .

969 967 1094 1026 Concede
1106 970 1184 1026 nobis
1199 971 1307 1028 famulis
1322 973 1376 1028 tatis
1390 974 1424 1030 de
1439 983 1483 1030 tua
1498 977 1680 1034 misericordia
1696 993 1762 1034 ron·

970 1057 1134 1115 ddentibua:
1152 1070 1181 1117 ιι
1195 1071 1239 1118 ιιι
1254 1063 1353 1134 pietate
1367 1063 1445 1120 solita
1462 1084 1468 1119 :
1484 1075 1512 1122 et
1531 1080 1580 1134 per
1593 1067 1651 1137 ejas
1665 1068 1760 1123 merita

970 1165 1037 1220 pnro
1050 1153 1135 1209 corde
1147 1162 1174 1210 et
1188 1165 1280 1211 mente
1292 1155 1392 1213 devota
1405 1175 1411 1211 :
1425 1157 1459 1214 ad
1473 1159 1509 1214 tui
1525 1161 1641 1216 nominis
1654 1159 1761 1218 conim-

968 1244 1072 1299 sionem
1087 1245 1229 1313 peruenire
1243 1241 1396 1306 mereamur
1409 1249 1499 1306 inlesi.
1521 1251 1559 1322 ti.
1574 1252 1671 1309 Amen.

1005 1333 1064 1387 Alie
1080 1333 1180 1390 Oratio.
1196 1337 1303 1393 Christe
1318 1338 1382 1395 lesu
1398 1339 1442 1411 qui
1457 1350 1562 1398 mentes
1576 1351 1604 1399 et
1617 1346 1698 1400 eorda
1714 1359 1763 1414 ptr·

970 1421 1061 1477 rillcas
1078 1441 1084 1477 :
1100 1425 1282 1483 conscientias
1293 1437 1401 1484 nostras
1417 1429 1531 1499 petimus
1543 1429 1625 1503 w
1639 1431 1674 1487 ab
1688 1433 1761 1487 omni

969 1515 1129 1585 contagione
1151 1519 1256 1586 peccati
1276 1518 1415 1590 abstergas
1437 1537 1443 1574 :
1464 1529 1493 1575 ut
1515 1521 1663 1591 impollutis
1685 1522 1762 1578 labiis

968 1605 1165 1664 contessionem
1181 1624 1272 1665 reram
1287 1612 1322 1667 de
1341 1620 1368 1668 te
1382 1612 1452 1682 plebi
1469 1613 1585 1682 prodere
1603 1627 1733 1670 conemm
1753 1633 1759 1667 :

968 1696 1038 1752 sicut
1063 1698 1138 1753 beata
1163 1700 1244 1756 bieria
1273 1701 1429 1772 llagdalena
1452 1717 1549 1759 nomen
1576 1711 1650 1759 tuum
1676 1704 1763 1760 conli-

157 1786 234 1842 Dicat
247 1784 336 1841 Preal.
353 1785 482 1841 Dominus
492 1784 527 1839 sit
537 1796 646 1853 semper
659 1782 810 1839 nobiscum.
832 1782 868 1850 il·
883 1781 916 1837 lit
931 1781 955 1840 ll
969 1785 1049 1842 tendo
1070 1806 1076 1841 :
1096 1790 1195 1845 meruit
1216 1791 1250 1846 ab
1272 1792 1400 1847 omnibus
1420 1793 1493 1849 vitiis
1516 1791 1618 1862 expiari
1632 1811 1639 1846 :
1655 1792 1692 1848 ita
1713 1808 1764 1849 nos

118 1897 182 1938 curn
197 1877 304 1949 spiritu.

158 1972 313 2029 Decllendc.
330 1978 342 2009 ¹
358 1967 513 2025 eonorenor
528 1965 576 2022 tibi
593 1966 705 2021 Domine
721 1967 746 2021 in
760 1968 832 2023 vasis
846 1967 917 2038 psal·

121 2078 228 2120 morum
244 2062 400 2116 :veritatem
413 2067 485 2113 tuam
497 2056 609 2127 psallam
621 2056 669 2111 tibi
683 2057 709 2110 io
721 2051 914 2126 cytbara'Dcus

119 2166 214 2212 sarrcte
237 2152 327 2209 israel.
361 2153 397 2222 i.
424 2150 476 2206 Sed
501 2159 528 2206 et
548 2149 636 2219 lingua
661 2163 719 2203 mca
743 2148 916 2205 annunciabit

117 2247 256 2320 justiciam
272 2254 345 2301 tuam
361 2262 368 2298 :
386 2252 441 2298 tota
464 2242 509 2298 die
530 2241 636 2298 iaudent
651 2249 734 2300 tuam.
749 2239 782 2295 P.
799 2240 914 2297 Psallam

120 2342 168 2397 tibi
185 2342 222 2395 io.

157 2435 235 2491 Dicet
249 2430 338 2486 Prcri.
352 2426 493 2487 Silentium
508 2427 597 2483 iacite.

170 2523 309 2597 Sequania
325 2520 438 2592 Epistole
455 2517 531 2572 Pauli
546 2516 662 2586 Apostoli
680 2515 714 2569 nd
735 2514 865 2570 ilomuncs

428 2608 460 2680 (¹¹
474 2607 540 2679 Cap.
553 2606 578 2663 Χ
586 2607 605 2680 l.

969 1879 1094 1952 indiguos
1107 1891 1134 1937 ct
1150 1896 1198 1952 per
1213 1894 1350 1952 peccatum
1369 1884 1521 1940 maculatos
1539 1902 1544 1937 :
1559 1883 1653 1953 dignos
1668 1894 1694 1940 ct
1713 1898 1762 1953 pu-

968 1969 1087 2026 riiicatos
1110 1973 1144 2028 ad
1169 1983 1194 2030 te
1215 1988 1262 2043 per
1281 1975 1474 2032 confessionem
1493 1974 1591 2045 jubeas
1610 1975 1763 2047 gratissime

968 2061 1119 2130 pervenire.
1141 2063 1179 2134 tl.
1194 2068 1290 2120 Areten.

1004 2150 1067 2207 Post
1082 2157 1198 2209 corofon.
1215 2155 1316 2211 θιιιιι.
1332 2159 1355 2213 D
1370 2158 1439 2214 bone
1453 2158 1607 2229 redemptor
1618 2159 1663 2229 eui
1679 2161 1762 2215 mise·

967 2243 1148 2314 randoparcis
1164 2254 1210 2301 :et
1223 2248 1358 2316 parcendo
1369 2250 1484 2305 remittis
1501 2268 1508 2303 :
1525 2261 1551 2305 te
1565 2249 1709 2320 diligentes
1729 2252 1762 2304 ab

967 2334 1040 2390 onan
1069 2333 1188 2404 periculo
1216 2336 1310 2392 libera.
1333 2338 1422 2393 Etiam
1453 2340 1522 2395 fideli
1544 2340 1643 2410 populo
1663 2355 1760 2395 nomeu

968 2435 1041 2482 ιιιιιι
1056 2441 1118 2481 vere
1128 2426 1267 2483 ecrrsrtcuti
1281 2446 1287 2482 :
1302 2427 1348 2483 ct‘
1362 2429 1443 2484 liaris
1454 2427 1609 2501 llagdalene
1619 2431 1762 2488 iestiritate

966 2517 1164 2587 congaudenti:
1181 2527 1351 2589 peccatorum
1365 2520 1483 2576 omnium
1498 2522 1682 2578 remissionem
1703 2521 1760 2591 ple·
1880 2522 1885 2532 '

967 2606 1068 2663 nariam
1095 2611 1224 2665 concede.
1251 2608 1285 2664 Et
1305 2610 1377 2667 sicut
1389 2609 1514 2683 dignatus
1537 2626 1567 2668 cs
1580 2623 1638 2683 post
1654 2612 1760 2683 lachry-

157 2705 333 2776 Dcogratias.

156 2796 314 2855 charissimi
328 2814 334 2850 :
348 2794 400 2850 laon
409 2803 450 2850 est
462 2794 572 2850 verbum
590 2805 601 2834 ι
618 2791 663 2848 11111
676 2791 724 2849 Dei
740 2811 746 2846 :
762 2789 833 2862 quod
850 2805 915 2858 pre·
965 2789 1101 2847 caminum
1115 2793 1259 2849 emundare
1276 2809 1283 2846 ε
1301 2793 1337 2848 ita
1352 2807 1402 2849 nos
1416 2795 1536 2866 purgatis
1557 2794 1714 2852 mentibus:
1736 2803 1764 2849 ct

119 2889 242 2945 dicamas
264 2907 270 2941 :
291 2887 353 2956 qnia
373 2884 397 2940 si
416 2883 571 2941 eoniitcaris
592 2882 619 2938 in
634 2896 683 2939 ere
703 2889 749 2938 tuo
772 2881 914 2937 Dominam
967 2881 1039 2938 vitiis
1051 2884 1213 2953 extirpatis:
1229 2893 1371 2940 consortes
1385 2883 1443 2940 Deri
1460 2885 1541 2942 iacias
1552 2884 1589 2941 tui
1604 2884 1680 2957 regni
1692 2885 1764 2940 cele·

120 2984 215 3040 lesum
229 2999 236 3034 ε
250 2989 279 3036 ιι
291 2979 317 3033 in
328 2977 409 3034 corde
423 2985 469 3034 tuo
482 2975 629 3033 credideris
645 2994 651 3029 :
665 2973 737 3046 uuod
752 2974 824 3030 Deus
839 2973 915 3030 illum
966 2975 1024 3031 stis.
1049 2975 1086 3045 ri.
1103 2976 1199 3033 nmen.
1603 3056 1605 3059 ι

120 3070 286 3130 suscitavita
302 3068 415 3124 mortuis
436 3066 550 3123 :salvus
568 3065 633 3123 eris.
652 3064 743 3122 Corde
762 3064 835 3121 eninr
856 3078 916 3120 cre·
1004 3068 1044 3121 Ad
1055 3084 1153 3138 poena.
1171 3068 1272 3125 Oratio.
1286 3069 1501 3142 Dmrripotens‘et
1516 3070 1647 3128 immense
1667 3070 1736 3124 Deus
1756 3086 1764 3126 :

121 3165 195 3220 ditur
208 3162 240 3218 ad
252 3160 386 3232 iusticiem
403 3176 411 3216 a
432 3158 590 3216 misaelem
605 3155 781 3214 contessioilt
795 3156 830 3212 ad
843 3156 915 3211 salu·
929 3135 953 3199 C
969 3157 1015 3229 qui
1036 3157 1117 3215 liaris
1139 3158 1295 3230 liagdaicne
1319 3161 1439 3231 placatus
1461 3161 1651 3218 corriessiorre:
1679 3163 1713 3220 ari
1739 3173 1765 3219 te

911 2701 913 2710 '
966 2713 1070 2756 marram
1085 2701 1243 2772 rigationem
1264 2701 1445 2772 llagdalenam
1461 2705 1496 2760 ab
1509 2705 1582 2760 omni
1597 2704 1678 2761 sorde
1699 2719 1762 2774 pee-

122 3268 190 3313 tem.
206 3255 276 3310 Dicit
288 3255 360 3310 enirn
376 3252 525 3322 Scriptura.
545 3250 641 3308 Dmnis
659 3251 703 3321 qui
722 3250 870 3307 crediderit
889 3249 917 3305 io
967 3248 1084 3302 eitimam
1103 3247 1162 3319 ejus
1176 3249 1304 3305 accedere
1326 3249 1431 3319 jussisti
1455 3267 1461 3302 :
1480 3249 1585 3321 inpare
1601 3261 1627 3305 tu
1648 3268 1697 3308 nos
1713 3271 1718 3306 :
1736 3262 1765 3308 et

122 3361 157 3402 eo
174 3368 180 3399 ι
197 3358 249 3399 ιιι
264 3339 451 3399 conlaudatur.
470 3336 615 3415 monerio
635 3347 677 3396 cst
695 3339 834 3394 distinctio
848 3342 919 3395 luter
968 3337 1010 3407 pia
1025 3348 1193 3406 peecatorum
1208 3337 1378 3395 coralessione
1400 3338 1472 3393 salra
1490 3348 1535 3394 :et
1556 3338 1674 3396 fraterne
1694 3342 1762 3396 dile·

122 3438 238 3495 ludeum
252 3445 280 3492 ct
299 3435 424 3492 Grecum.
445 3433 512 3490 Nam
533 3433 604 3489 idem
621 3432 751 3489 Dominus
771 3433 915 3489 omnium:
968 3429 1064 3485 ctiorris
1079 3429 1253 3486 unanimitate
1273 3430 1400 3501 justiiica.
1420 3430 1479 3499 Quo
1497 3446 1545 3502 per
1572 3432 1681 3488 tiarianr
1707 3433 1763 3488 lir-

123 3530 240 3586 diresin
258 3527 384 3584 erunibus
400 3545 407 3581 :
422 3524 467 3597 qui
482 3526 608 3581 invocant
627 3525 712 3581 illum.
730 3525 825 3582 Omnis
845 3527 917 3581 enim
968 3517 1109 3590 gdalerram
1124 3529 1151 3576 et
1164 3519 1341 3578 consessionis
1362 3523 1459 3577 donea
1474 3521 1545 3576 vitiis
1566 3522 1762 3579 emundemur:

124 3625 285 3692 orrirrrnnrnc
306 3616 472 3673 irrrecarerit
488 3629 587 3672 nemen
604 3615 731 3672 Domini:
748 3616 916 3673 salruserit.
968 3621 997 3668 ct
1031 3613 1106 3681 pacis
1133 3611 1234 3668 urritate
1260 3621 1305 3669 tue
1340 3612 1452 3670 visionis
1484 3613 1585 3668 solacio
1619 3613 1761 3684 putianmr.

170 3713 187 3780 ti
200 3751 208 3766 .
220 3712 316 3766 Antea.
977 3695 1014 3773 il.
1031 3706 1129 3761 Ameat.

164 3804 341 3876 Euangelium.
370 3801 491 3874 liogabat
513 3801 605 3858 lesum
629 3800 738 3872 quidam
768 3801 917 3871 phariseus.
1005 3794 1113 3851 inlatio.
1130 3796 1243 3867 Dignum
1254 3806 1282 3853 et
1294 3797 1395 3867 justum
1416 3809 1457 3855 eet
1481 3800 1652 3869 omnipotens
1666 3799 1762 3858 Pater:

126 3897 239 3966 lteguirc
253 3896 279 3949 in
292 3899 355 3965 [erto
370 3895 526 3949 scincturam
541 3891 616 3948 laste
630 3901 653 3947 et
672 3891 776 3961 liuline.
792 3893 841 3964 sul.
854 3892 917 3950 511.
970 3903 1017 3959 per
1031 3887 1122 3944 lesum
1134 3888 1269 3945 Cirristum
1284 3891 1367 3946 lilium
1382 3901 1457 3946 tuum
1472 3892 1615 3949 Dominum
1631 3902 1763 3951 nostrum.

126 3987 203 4041 Dicat
218 3984 305 4041 Persi.
321 3985 448 4041 Dominus
469 3984 505 4040 sit
525 3998 633 4054 semper
646 3984 796 4039 vobiscum.
825 3983 866 4055 ti.
887 3983 921 4039 lit
969 3979 1053 4048 Cujus
1062 3995 1112 4034 nec
1125 3979 1192 4036 {ides
1206 3983 1366 4037 necessitate
1375 3997 1455 4038 sexus
1470 3985 1601 4040 variatur:
1617 4001 1667 4041 nec
1680 3986 1765 4041 virtus

125 4093 200 4133 curn.
917 4070 920 4075 ’
971 4071 1152 4128 teneritudine
1163 4071 1334 4129 muliebrium
1345 4083 1584 4130 artuumencrvata
1600 4076 1765 4135 dissolvitur.

163 4165 292 4221 ilerda.
307 4164 431 4235 Alleluia.
454 4165 491 4235 i.
507 4164 578 4220 Deus
592 4177 710 4220 meuses
724 4171 753 4220 tu
767 4163 920 4221 etcoodte·
971 4163 1098 4220 invictum
1121 4164 1192 4221 enim
1217 4164 1338 4220 Ecclesie
1363 4165 1502 4222 catholice
1524 4176 1627 4235 caput:
1652 4168 1687 4222 ita
1710 4169 1766 4225 suis

127 4261 177 4314 bor
191 4257 239 4314 tibi
253 4275 263 4316 e
277 4256 349 4314 Deus
363 4270 439 4314 meus
452 4270 481 4313 es
501 4263 529 4311 tu
543 4263 572 4312 et
589 4254 714 4312 exaltabo
735 4266 773 4313 te.
795 4254 830 4310 Ρ.
845 4254 921 4312 illle·
971 4256 1099 4313 meurbris
1113 4255 1269 4329 subrogarit
1280 4258 1385 4314 virtutis
1396 4268 1568 4330 augmentum
1586 4278 1592 4313 :
1607 4270 1636 4317 ιι
1649 4277 1702 4317 noo
1717 4277 1763 4318 sn·

126 4353 191 4422 toja.
972 4345 1027 4402 lmu
1039 4347 1109 4403 viros
1123 4349 1165 4404 aui
1188 4347 1303 4405 nominis
1324 4358 1424 4405 testes:
1450 4348 1478 4406 in
1494 4353 1639 4407 certamine
1651 4354 1765 4411 victores

166 4455 178 4481 r
195 4441 370 4510 Sacrificium.
392 4440 499 4497 lirrnera
519 4450 626 4512 accepta
646 4451 725 4498 erunt
740 4456 820 4512 snper
836 4440 922 4497 aterne
973 4455 1020 4508 per
1035 4439 1188 4508 patientiam
1199 4440 1324 4496 redderet
1335 4458 1342 4494 ε
1355 4443 1536 4498 verumetiam
1552 4443 1658 4500 lerninis
1672 4445 1768 4500 trium-

127 4549 218 4589 nrennr
236 4549 242 4584 :
258 4541 285 4586 ct
298 4530 394 4586 domus
406 4531 537 4586 orationis
554 4545 614 4588 aree
633 4532 808 4587 honorabitur
829 4551 835 4586 ι
855 4492 961 4587 ιΙΙιι·υ
977 4530 1081 4601 plralenr
1094 4546 1220 4588 corenam
1236 4547 1283 4603 per
1298 4535 1466 4590 tolerantiam
1481 4537 1654 4593 condonaret.
1669 4539 1768 4608 impla·

127 4629 194 4695 lrrja.
217 4623 921 4695 i.l,eteturanimameaioDominozinduitenim
976 4623 1069 4681 rabilis
1093 4626 1193 4696 quippe
1214 4625 1348 4682 carniircis
1381 4625 1455 4682 luror
1479 4629 1611 4698 exquisita
1638 4631 1766 4701 supplicia

130 4735 175 4774 nte
195 4728 269 4774 veste
287 4716 398 4772 salutari
421 4734 427 4770 τ
450 4725 477 4770 ei
491 4714 579 4769 tunica
596 4712 773 4784 iocundilalis
794 4723 921 4783 labium
976 4719 1104 4778 membris
1127 4716 1302 4774 muliebribus
1316 4717 1496 4774 admovebat:
1518 4720 1565 4774 sed
1580 4720 1664 4776 virilis
1687 4722 1712 4776 iu
1728 4719 1767 4777 ic-

129 4829 246 4886 sponsus
265 4812 392 4882 imposuit
410 4809 476 4867 mibi
496 4810 602 4865 mitram
619 4827 626 4861 :
643 4815 672 4863 ut
692 4821 819 4878 sponsam
839 4807 923 4864 dcco·
977 4814 1056 4868 micis
1069 4810 1154 4866 virtus
1166 4808 1249 4864 inlata
1267 4809 1447 4863 cruciamenta
1471 4809 1588 4866 tenebat.
1613 4810 1668 4867 lice
1693 4813 1764 4867 enirn

130 4993 177 5031 nra.
193 4974 250 5044 33),
265 4973 409 5029 sotterinnr
422 4971 510 5040 (Apud
522 4969 658 5032 Delibari..
675 4977 737 5022 tom.
751 4964 882 5031 Vlul.‚a
897 4984 924 5035 p.
974 4978 1004 5021 te
1018 4962 1127 5018 ttarttm
1140 4969 1168 5017 et
1194 4959 1287 5016 Lazari
1302 4958 1453 5040 perbibent.
1470 4959 1507 5014 De
1528 4975 1579 5029 qua
1602 4960 1678 5029 plura
1704 4960 1766 5042 vide

131 5047 210 5114 lili),
224 5044 422 5100 Tiliemootium
435 5041 525 5110 (Your.
537 5038 580 5103 11,
598 5039 670 5093 liist.
680 5040 755 5103 eret..
770 5055 787 5092 ι
803 5053 865 5109 pag.
877 5037 924 5104 28,
974 5036 1044 5102 apud
1058 5033 1180 5089 Natalem
1190 5030 1373 5087 Alexandrum
1393 5028 1478 5100 (Der.
1502 5033 1578 5097 eccl„
1591 5046 1650 5086 sec.
1664 5044 1684 5096 ι,
1698 5035 1764 5086 droa.

129 5126 157 5172 et
169 5136 186 5171 ι
200 5134 259 5188 pag.
274 5114 352 5185 171),
364 5111 668 5167 dantemtterandrnm
681 5109 848 5181 (iiidcccl.
862 5123 923 5165 aee.
974 5106 1019 5171 17,
1035 5123 1061 5176 p.
1076 5103 1117 5172 2),
1477 5171 1483 5185 .

132 5207 154 5250 ι,
167 5189 231 5242 diss.
247 5186 305 5255 lii,
325 5185 445 5254 aliusque
460 5185 527 5237 ncne
542 5180 641 5235 multos
664 5179 796 5246 arundines
817 5176 924 5233 citatos.
1010 5184 1023 5211 ⁸
1035 5173 1185 5229 Paulleotlo.
1197 5171 1240 5227 i’s.
1252 5188 1314 5236 ιιι,
1328 5170 1375 5227 22.
1399 5171 1525 5240 i.lbrd.‚
1538 5169 1584 5225 91.

133 5257 223 5314 Graeci
245 5258 320 5312 aiunt
340 5262 459 5310 sanctam
486 5251 595 5307 ilariaco
621 5249 802 5320 liagdalenarn
826 5248 925 5318 Dplacsi
1009 5244 1100 5328 berg:
1114 5241 1329 5326 Mers-81¹&
1482 5311 1488 5324 ⁸
1549 5313 1555 5325 α

131 5331 245 5390 otriisse.
258 5342 274 5382 e
288 5340 340 5396 aaa
355 5324 422 5379 urbe
434 5321 595 5391 corpasejm
603 5318 921 5388 Gorrstantinopolimde·
1011 5314 1098 5370 erma
1113 5315 1170 5396 Der.
1182 5313 1258 5382 ilulg.
1279 5321 1307 5368 et
1327 5311 1432 5381 Graca,
1446 5310 1589 5368 Prrmasms
1607 5319 1635 5369 et
1650 5312 1766 5368 erubru-

131 5403 217 5456 lamm
232 5397 324 5452 tuiti
342 5394 442 5449 sarculo
466 5408 503 5448 ru
521 5392 636 5447 celebris
648 5399 707 5446 erat
719 5390 808 5449 cultus
821 5395 922 5445 sanetas
975 5387 1082 5452 siaster,
1098 5385 1157 5454 fidu
1174 5384 1276 5452 legunt.

131 5457 922 5537 Mariaeliagdalenrelezeliaci,inrnonasterieDurgundiae
1009 5456 1136 5536 ilerde
1152 5455 1197 5507 Pe.
1212 5451 1353 5518 caviniis.
1481 5522 1488 5535 ⁹
1560 5524 1566 5536 1
1728 5525 1734 5533 ἢ

129 5541 217 5663 coloss
228 5536 443 5661 renqiiaeiignues’a
450 5530 824 5658 ιιιὲἰιΙῗιιιὲιὶ111111ιιιιιιῃιιιιέἱζιῖιὲἰηια
828 5538 922 5655 mucuri-
975 5535 1024 5654 ΠΒ(
1034 5525 1214 5652 cSottlcsrgi'casum.
1229 5523 1279 5578 list
1291 5533 1370 5582 cento
1385 5522 1654 5597 ererbrsscnptune
1666 5525 1763 5583 etalra·

281 5623 320 5660 n.
373 5621 399 5660 nr
446 5620 478 5658 oc
508 5621 533 5658 nr
855 5641 863 5666 ,
914 5629 921 5642 -
1150 5633 1172 5648 ..

129 5613 307 5753 {inarime
322 5679 348 5732 in
360 5675 478 5730 Ecclesia
489 5677 599 5728 iratrum
614 5617 820 5728 Praelegatonrn
829 5670 921 5741 oppidi
1012 5669 1020 5709 1
1036 5665 1132 5724 flurin.
1154 5666 1224 5738 Lege
1237 5664 1337 5723 linrioe.

131 5754 222 5824 macti
235 5746 382 5819 assium,
397 5745 425 5802 in
436 5745 584 5816 Provincia,
595 5743 731 5804 emnam.
741 5755 864 5802 sorerem
875 5755 906 5800 ιι
917 5772 920 5784 =
