3794 6106
128 271 179 328 tat
487 262 632 320 ttisssta
651 261 785 320 illeUll
806 260 880 317 site.
904 260 983 315 llEG.
1006 261 1035 314 it.
1057 258 1191 318 istitttiti.
1210 287 1244 302 -
1263 258 1352 316 ietits
1372 257 1405 337 l·⁴
1707 261 1763 314 iii

127 395 180 442 tres
192 384 219 439 in
230 378 393 437 orationibus
404 377 499 431 rostris
512 391 518 426 :
532 384 559 429 ct
572 382 646 429 orate
657 388 704 443 pro
715 389 759 430 mc
772 373 805 428 ad
819 372 913 427 [leram.
929 373 955 431 ll
1004 370 1078 426 Dicat
1100 370 1190 426 Preti.
1211 372 1278 442 Quia
1297 381 1325 426 to
1343 386 1373 427 es
1394 370 1447 424 tiis
1467 369 1599 424 sitorum.
1626 368 1659 424 b'a
1679 387 1760 442 aspra

128 476 288 544 lleapoaaeat
299 469 407 526 Cisoras.
422 467 535 535 adjuret
551 475 577 521 te
593 464 670 521 Pater
680 476 707 522 et
723 467 803 521 Filias
818 476 845 521 et
859 465 919 535 Spi-
970 463 1021 516 col.
1037 463 1099 518 lici.

127 576 195 621 ratris
209 574 326 618 sanctus.
350 558 424 612 diicat
439 557 547 613 Cinorus.
561 557 726 624 Sacrificium
741 559 809 626 quoa
824 557 920 610 dicitas
1005 555 1046 612 aa
1064 571 1163 626 pacem.
1185 554 1249 612 iaso
1263 557 1349 611 tirius
1367 553 1533 610 infirmitatis
1552 561 1645 609 nostre
1661 569 1668 607 τ
1686 563 1698 601 ι
1714 555 1761 623 aul

126 651 411 724 offertoriumllcuieat
421 649 454 704 ad
466 657 492 705 te
504 650 593 718 populi
606 649 683 704 otalii
693 648 799 719 alleano
813 665 823 704 ι
838 658 865 704 ιι
875 662 920 704 re·
970 647 1029 703 sine
1044 647 1166 703 manibus
1181 647 1378 718 precidentium
1404 645 1472 716 lapis
1487 657 1568 700 ιιιιιι
1588 659 1618 700 es
1637 645 1760 701 abscisus

126 743 301 815 pergentium
314 756 361 811 per
379 750 470 810 portas
491 749 550 795 tuas
567 739 751 810 ingredientur
770 756 778 798 ς
799 747 826 794 ιι
840 751 920 793 soca·
970 751 1093 798 aaroute
1108 758 1115 794 ι
1131 756 1184 810 quo
1198 740 1286 796 omnis
1306 738 1421 794 latitudo
1439 740 1541 810 repleta
1555 748 1598 795 cst
1614 746 1696 801 terre.
1717 741 1761 798 'lu

125 834 197 890 beris
212 833 307 888 civitas
323 832 439 887 Domini.
455 829 555 886 Fidelis
568 829 641 900 syon
655 827 723 884 ultra
736 843 789 884 aon
803 828 858 883 eris
870 828 922 884 de·
969 833 1051 889 corda
1066 844 1158 890 nostra
1175 835 1248 905 reple
1266 834 1336 890 douo
1354 833 1426 904 pacis
1445 842 1472 888 et
1487 834 1572 905 gratie
1588 849 1598 888 .·
1613 842 1643 889 nt
1655 834 1701 904 qni
1719 834 1761 890 ip.

126 907 218 980 rclicts
232 921 359 992 alleluja:
372 919 491 991 alleluja.
510 920 528 990 y
541 959 548 975 .
562 919 616 975 ilec
630 920 696 975 dicit
708 919 837 976 Dominus
850 921 920 977 dabo

126 1017 154 1073 in
171 1030 234 1084 pace
253 1015 386 1085 principes
406 1023 464 1069 tuos
480 1012 552 1084 Syos
566 1030 573 1066 ι
589 1021 620 1068 ιι
634 1011 792 1069 Sacerdotes
814 1022 872 1068 tuos
892 1015 918 1068 in

125 1107 292 1165 exultatione
315 1116 370 1161 :et
388 1105 541 1161 letabuntur
560 1103 586 1160 in
605 1104 722 1160 salutare
741 1105 808 1160 mirri
832 1105 868 1159 tati
892 1106 918 1161 ia

125 1209 248 1256 eternam
260 1207 288 1255 ct
299 1199 325 1253 in
340 1199 461 1254 seculum
478 1197 572 1253 seculi.
587 1194 618 1251 P.
636 1196 735 1254 Fidelis
750 1198 833 1269 Syou.
852 1196 920 1252 bam

125 1292 219 1348 dicitas
238 1291 395 1358 corniciam
418 1289 510 1359 offerat
525 1290 636 1346 bostiam
650 1289 778 1347 Sacerdos
800 1294 826 1345 in
840 1293 924 1347 calice-

125 1399 184 1437 cam
193 1383 362 1438 arationibus.
374 1379 424 1435 iiie
433 1381 523 1450 incipit
536 1379 644 1438 iliacam
654 1381 773 1440 dicendo.
791 1383 930 1444 Dottriutts

125 1475 160 1532 ait
174 1489 281 1545 semper
291 1474 441 1531 nobiscum.
462 1474 500 1543 ri.
516 1473 551 1528 itt
564 1488 625 1529 ιιιι
637 1474 733 1542 spiritu
749 1482 807 1529 tuo.

160 1564 253 1621 Kissa.
270 1564 438 1621 decedentes
455 1564 489 1618 ad
513 1577 632 1619 mentam
652 1563 778 1621 terribilis
798 1563 920 1634 omnipo·

124 1658 205 1714 “⁰¹¹⁸
219 1657 265 1712 Μ
286 1673 295 1711 ²
314 1670 375 1713 ⁰⁰⁸¹
391 1671 497 1711 ⁸⁰¹¹¹¹¹¹⁰
514 1654 612 1726 ⁸²¹¹di⁰
626 1654 740 1711 ⁰⁰¹¹P¹¹⁰
755 1655 810 1711 Μ’
827 1664 958 1779 ''⁰⁵²¹PB
971 1683 998 1742 in
1012 1680 1178 1738 mirabilibus
1192 1683 1333 1753 predicare
1345 1700 1352 1736 :
1363 1698 1444 1753 quem
1454 1682 1524 1737 inter
1534 1679 1658 1735 homines
1672 1678 1761 1735 nasci·

125 1749 241 1815 illibatas
256 1748 357 1804 laostias
368 1747 547 1819 ooderamas
558 1745 655 1802 iratres
668 1746 823 1801 citatissimi
837 1764 844 1800 :
856 1747 919 1816 assia

124 1839 304 1909 dignatusest
323 1837 369 1892 biii
384 1837 425 1891 soi
442 1836 586 1891 adrentum
606 1849 653 1905 per
663 1835 813 1890 lolianaem
829 1835 920 1904 Bapti-

124 1938 193 1985 statu
216 1929 368 1985 ltomiuibus
388 1927 525 1983 nunciare.
546 1925 591 1983 Sic
601 1926 672 1982 ertiau
689 1924 795 1982 adurar.
812 1935 826 1964 ¹
842 1925 921 1982 llestit

123 2012 152 2075 e't
166 2015 259 2075 istrtior
274 2034 316 2075 nse
330 2027 389 2089 post
404 2032 468 2074 me:
487 2017 564 2087 cujus
584 2030 636 2071 non
650 2030 710 2071 suan
725 2016 820 2086 diguus
834 2018 920 2072 corri-

124 2109 195 2178 giam
209 2107 376 2165 calciamenti
393 2108 509 2164 solvere.
531 2108 605 2174 Quos
625 2120 675 2177 ego
688 2105 760 2176 tingo
777 2103 791 2145 ι
808 2107 835 2162 in
851 2121 918 2177 atqua

125 2200 271 2269 baptismi:
288 2208 300 2238 e
316 2199 373 2267 ipse
386 2197 501 2269 baptizat
515 2199 542 2254 in
563 2196 663 2267 Spiritu
686 2197 785 2253 Sancto
805 2205 834 2253 ct
852 2195 917 2266 igni.

124 2292 192 2359 Quia
203 2293 261 2362 ipse
271 2301 310 2346 cst
323 2291 392 2346 illius
406 2290 452 2346 liei
466 2307 473 2344 :
488 2304 566 2360 agitem
578 2291 702 2361 princeps
711 2288 831 2360 angelice
842 2286 855 2327 ἅ
867 2289 919 2345 mi·

124 2385 185 2441 licie
209 2399 256 2454 pcr
268 2392 373 2439 uterum
389 2384 503 2454 Virginis
525 2397 601 2438 sacre
619 2383 672 2438 ‘iu
693 2383 793 2438 ntundo
814 2399 918 2438 aranon-

124 2475 206 2532 ciasit
218 2477 319 2532 tenire.
341 2475 484 2531 Pescennius
497 2489 562 2546 ergo
577 2476 660 2530 licum
677 2476 781 2531 Patrem
800 2486 848 2532 :ut
867 2477 919 2533 bec

124 2583 176 2637 uite
187 2567 222 2624 ob
234 2568 430 2623 solemnitatem
440 2567 570 2622 adrentus
585 2566 644 2621 Filii
659 2569 700 2623 sui
714 2567 851 2625 ouer-anas
871 2570 918 2626 lto·

125 2659 243 2714 iocausta
256 2675 264 2715 ι
278 2675 331 2715 non
346 2658 493 2714 discutiens
506 2666 597 2713 nostra
611 2668 740 2728 peccata:
757 2659 783 2714 iu
794 2674 844 2715 suo
853 2673 919 2715 con·

124 2759 217 2820 spectu
231 2748 330 2804 eidelat
344 2747 473 2820 graciosa.
928 2749 929 2753 ’

168 2840 207 2906 ri.
223 2838 320 2894 laren.
925 2902 929 2918 .

160 2928 238 2984 llicat
254 2928 344 2986 Preab.
362 2928 413 2984 Per
428 2928 640 2985 misericordiam
656 2939 727 2985 tuam
743 2930 814 2988 iletre
825 2941 919 2990 noster

127 3022 173 3093 oui
188 3036 218 3078 es
231 3021 390 3077 benedictus
403 3030 429 3076 et
442 3019 510 3076 ritis
522 3030 575 3076 eis.
590 3027 619 3074 at
631 3037 710 3093 supra
721 3020 769 3092 soi.
785 3023 813 3079 5.

161 3112 256 3170 Postea
268 3113 337 3167 dicat
352 3112 513 3168 Prasiorum.

163 3204 265 3260 brutio.
289 3203 455 3260 iocundatur
479 3201 590 3258 [ιιιιιῑιιι
614 3209 643 3258 ιι
664 3201 792 3271 tripudiat
817 3213 916 3266 terra:

125 3298 187 3367 qnia
203 3294 319 3354 Verbum
337 3310 402 3353 caro
423 3295 523 3350 iactum
542 3295 644 3350 babitat
665 3296 692 3350 iu
707 3311 784 3353 sacre
799 3294 916 3368 Virginis

126 3386 257 3444 inumbra.
275 3385 304 3440 ln
319 3384 397 3456 culos
412 3384 528 3440 adveatu
542 3384 631 3440 omnis
650 3383 685 3440 de
700 3385 855 3455 captivitate
872 3402 917 3441 re·

125 3477 236 3532 ‹limitur
248 3487 338 3531 terra:
355 3489 408 3546 que
428 3473 600 3530 detinebatur
612 3488 660 3545 per
676 3477 918 3544 transgressionem

126 3568 184 3623 Ario
198 3568 224 3620 in
239 3566 380 3621 obscurata
394 3564 527 3636 gebeima.
550 3564 626 3620 Νιιιι
648 3575 788 3621 moveator
803 3582 878 3623 auare
892 3576 919 3624 ιι

126 3655 216 3711 «startia
234 3653 244 3694 ¹
258 3669 310 3724 uae
329 3656 355 3710 in
369 3656 410 3710 eis
422 3664 507 3710 susat:
527 3665 632 3711 montes
649 3657 772 3712 exultent
787 3667 813 3714 et
828 3659 919 3713 omnia

127 3744 198 3813 ligna
213 3745 342 3801 siluarum
359 3760 368 3798 ι
388 3745 450 3815 qula
468 3744 538 3800 Deos
556 3744 637 3801 ltomo
651 3744 775 3814 dignatur
794 3761 842 3816 per
861 3755 919 3803 ute·

127 3849 187 3892 rusa
203 3837 284 3892 Beate
303 3836 421 3906 Virginis
435 3836 518 3892 ilaris
537 3853 543 3890 :
561 3835 596 3892 tls
610 3838 670 3894 celo
685 3839 711 3895 in
730 3838 858 3895 mundum
874 3855 920 3895 ae·

128 3929 198 3986 nire.
214 3928 265 3985 Per
279 3928 362 3999 ipsius·
381 3929 461 4000 igitur
476 3928 619 3985 adrentum
632 3941 659 3988 te
672 3930 849 4003 deprecamur
863 3947 917 3988 om·

128 4024 252 4092 nlpntens
268 4021 339 4077 ileos
355 4037 362 4076 ι
381 4030 409 4076 ιι
427 4030 518 4078 nostre
531 4022 622 4080 carnis
637 4023 805 4096 fragilitatem
826 4040 841 4080 a
859 4025 918 4080 vin-

129 4113 198 4170 culis
214 4122 384 4181 pcccatorum
406 4112 531 4168 absolvas
550 4131 557 4168 τ
577 4121 605 4170 ιι
616 4116 736 4187 presenti
756 4115 859 4172 larasilie
874 4125 920 4174 tue

127 4204 312 4262 assiscricoralia
325 4204 422 4276 plcans'
430 4219 568 4262 occurras.

170 4295 207 4361 ri.
223 4295 320 4350 Amen.

165 4383 239 4438 ilicet
255 4384 372 4456 Preabpt.
388 4385 439 4440 Per
460 4383 673 4440 misericordiam
693 4391 766 4441 taam
781 4384 853 4442 Deus
866 4402 915 4442 no·
932 4407 960 4470 ῃ

127 4484 183 4533 ster
198 4477 224 4531 iu
238 4475 317 4545 cujus
331 4482 486 4543 conspecto.
504 4471 538 4530 tta
552 4489 631 4543 supra
646 4473 694 4545 iol.
710 4475 738 4529 i.

165 4564 228 4622 Post
248 4565 363 4621 nomina.
385 4564 498 4620 Dostslne
512 4565 576 4620 lesu
596 4565 703 4623 Citriste
721 4581 802 4638 quem
823 4576 919 4624 teratu·

128 4676 188 4716 roat
210 4674 271 4715 csse
295 4658 430 4714 crediturus
450 4657 569 4728 jndicem
592 4676 599 4712 ε
621 4661 666 4730 qui
686 4660 742 4732 jam
767 4661 868 4717 dodum
891 4663 924 4722 iat

130 4752 216 4820 perimo
239 4751 359 4806 adveatu
383 4749 469 4821 glorie
496 4758 541 4805 tue
567 4760 675 4821 propter
700 4762 791 4807 nostra
816 4753 921 4808 scelera

130 4843 238 4897 bannilis
253 4842 347 4899 vestire
360 4842 487 4913 dignatas
501 4856 532 4898 es
555 4842 696 4899 :Petimus
716 4862 723 4899 :
743 4853 772 4901 ut
789 4845 852 4902 dum
871 4844 916 4901 ad·

969 926 1134 984 carnationis
1148 935 1193 982 tac
1207 925 1376 981 celebramus
1397 924 1520 980 solennia
1537 941 1544 981 :
1562 941 1609 997 per
1624 929 1700 994 pacis
1711 926 1760 982 bo·

970 1032 1032 1071 num
1047 1016 1136 1073 iuture
1150 1015 1358 1074 examinationis
1372 1013 1519 1071 liberemur
1531 1029 1547 1070 a
1563 1029 1641 1086 perta.

1012 1108 1049 1177 ri.
1066 1111 1161 1164 ιιιιιιι.

1007 1200 1080 1254 Dicat
1091 1200 1180 1256 Pessi.
1189 1199 1257 1270 Quia
1267 1209 1296 1256 ιι
1305 1214 1335 1257 ιι
1345 1215 1407 1257 rora
1422 1215 1472 1270 por
1485 1207 1587 1266 nostra,
1599 1206 1652 1254 etc.
1668 1194 1770 1252 Gratia.

969 1291 1018 1348 bei
1040 1292 1138 1360 Patris,
1156 1303 1209 1350 ιιι.
1226 1291 1258 1347 Et
1276 1304 1363 1364 postea
1380 1293 1459 1348 dicat
1480 1291 1598 1349 introibo
1616 1290 1650 1346 ad
1664 1290 1759 1351 attam

971 1384 1017 1441 bei
1031 1385 1094 1451 mei,
1109 1395 1161 1440 etc.
1179 1384 1261 1454 Quem
1275 1400 1353 1455 supra
1366 1384 1413 1454 iol.
1429 1381 1459 1438 l.

927 1519 930 1526 ι
1004 1495 1114 1552 inlatio.
1137 1497 1249 1568 Dignum
1269 1507 1297 1553 ιι
1315 1497 1415 1567 justum
1439 1503 1503 1552 est:
1523 1509 1588 1553 sere
1607 1508 1707 1564 equom
1731 1502 1768 1550 et·

970 1592 1086 1647 saltitare
1100 1604 1140 1647 eet
1163 1609 1171 1646 a
1194 1589 1300 1647 liomiui
1315 1582 1399 1646 nostri
1413 1588 1479 1645 iesu
1493 1587 1593 1643 Christi
1614 1587 1759 1642 adtentum

972 1785 1061 1828 turma
1073 1775 1183 1829 celestis
1195 1775 1310 1831 nuncius
1321 1775 1467 1831 associavit.
1480 1773 1561 1845 l'irgo
1574 1785 1681 1829 terrena
1694 1773 1772 1826 dum·

970 1865 1132 1921 solidaretur
1143 1867 1245 1920 audiuit
1260 1881 1268 1919 a
1284 1866 1400 1936 Spiritus
1411 1865 1526 1921 Sanctus
1537 1864 1564 1920 itt
1580 1874 1657 1919 utero
1672 1878 1680 1916 ι
1695 1860 1760 1917 dum

970 1957 1075 2013 sctriret
1088 1958 1190 2013 crearit
1205 1975 1211 2010 :
1228 1969 1257 2012 ut
1276 1957 1402 2014 Gabriele
1416 1958 1560 2029 pollicente
1577 1974 1584 2010 :
1601 1954 1683 2012 llaria
1698 1966 1759 2009 cre·

970 2049 1052 2105 dente
1067 2066 1073 2102 :
1091 2049 1138 2105 bei
1159 2048 1242 2104 sorbo
1262 2050 1366 2119 Spiritu
1385 2058 1577 2120 cooperante:
1599 2051 1761 2113 seipoeretar

970 2141 1158 2196 minitationem
1184 2141 1339 2210 sagetican
1363 2142 1493 2196 securitas
1518 2157 1525 2192 ι
1552 2136 1759 2210 promissionem

971 2233 1113 2301 perlicerat
1126 2231 1225 2287 veritas
1241 2249 1249 2289 a
1263 2242 1294 2287 ut
1308 2231 1432 2286 altissimi
1447 2230 1624 2287 obumbrante
1636 2226 1736 2282 virtute
1750 2239 1760 2280 ι

969 2324 985 2365 ι
998 2327 1183 2383 didicissetis
1204 2341 1266 2383 esse
1279 2327 1390 2382 iocunda
1412 2325 1563 2399 virginitas.
1585 2325 1654 2381 iicce
1668 2323 1760 2378 conm-

970 2421 1027 2487 plcs
1048 2420 1074 2474 ia
1095 2429 1172 2474 atero
1185 2427 1213 2474 ιι
1228 2420 1316 2488 paries
1331 2420 1415 2474 illium
1432 2436 1441 2476 ι
1457 2418 1573 2490 Angelus
1588 2415 1756 2483 predicaris:

969 2518 997 2564 ιι
1009 2509 1144 2578 quomodo
1158 2510 1203 2566 liet
1217 2509 1287 2565 istud
1302 2509 1384 2565 llario
1398 2509 1548 2578 respondit.
1563 2508 1616 2565 Sed
1632 2509 1695 2576 qnia
1710 2507 1759 2560 boc

968 2599 1104 2656 credendo
1118 2616 1170 2655 ttoa
1182 2599 1328 2657 dubitando
1342 2601 1479 2670 respondit
1492 2618 1500 2657 ι
1513 2597 1759 2670 implenitSpiritus

968 2689 1085 2747 Sanctus
1096 2691 1167 2762 qasod
1179 2692 1299 2761 Angeias
1312 2692 1464 2762 spopondit.
1481 2691 1560 2762 iirgo
1570 2700 1633 2745 aute
1643 2701 1760 2755 coacep-

969 2793 1024 2840 tam
1038 2802 1044 2836 :
1058 2783 1137 2854 liirgo
1146 2797 1254 2855 seaoper
1263 2784 1350 2840 latura
1363 2794 1423 2855 post
1433 2792 1546 2855 parium.
1562 2781 1570 2820 ¹
1585 2781 1669 2838 bcum
1679 2794 1758 2837 suam

969 2874 1042 2944 prins
1066 2863 1156 2931 tractate
1181 2893 1189 2932 a
1214 2877 1312 2933 debinc
1336 2887 1432 2932 ventre
1459 2876 1582 2944 coacepit
1608 2891 1616 2928 a
1644 2875 1758 2929 salutem

927 3029 929 3032 ¹
968 2967 1060 3023 muudi
1083 2969 1169 3039 prima
1194 2968 1322 3038 suscepit.
1346 2968 1426 3038 lingo
1445 2968 1522 3037 plena
1535 2968 1627 3035 gratia
1648 2963 1694 3018 bei
1711 2971 1761 3018 :ct

931 3058 1031 3129 Gidoo
1050 3073 1113 3113 iera
1130 3068 1216 3113 trister
1238 3059 1297 3115 Filii
1320 3057 1369 3113 Dei
1392 3074 1400 3113 :
1424 3073 1503 3126 quern
1524 3056 1638 3111 adorant
1652 3054 1759 3124 Angeli.

969 3147 1080 3203 Throni.
1096 3148 1306 3205 bominatioaes.
1323 3149 1356 3203 iit
1371 3148 1521 3203 Potestates
1536 3147 1571 3200 ita
1592 3146 1724 3202 dicentes.

1005 3239 1080 3293 ilicet
1094 3237 1204 3295 cauma.
1226 3239 1350 3296 sanictos.
1366 3238 1491 3297 sanctus.
1508 3236 1635 3293 sanctas.

1004 3331 1080 3386 Dicat
1096 3332 1184 3387 Preti.

1004 3421 1068 3479 Post
1091 3422 1212 3479 Sanctus.
1239 3421 1309 3478 Vere
1334 3423 1448 3479 Sanctus
1474 3439 1483 3478 a
1510 3436 1574 3478 tere
1602 3419 1762 3477 benedictas

969 3515 1099 3571 ilominos
1112 3526 1203 3570 noster
1217 3513 1296 3570 iesus
1308 3514 1431 3571 cbristus
1447 3513 1531 3569 Pilius
1545 3522 1617 3569 tous.
1631 3513 1682 3580 Qui
1698 3527 1762 3568 cum

969 3606 996 3661 in
1009 3605 1095 3661 iocata
1108 3606 1154 3661 bei
1168 3614 1241 3662 esset
1254 3622 1262 3661 ι
1274 3606 1448 3676 semetipsum
1462 3605 1609 3662 exinanivit
1624 3621 1632 3660 a
1645 3605 1761 3662 lormam

969 3697 1104 3767 accipiens
1121 3697 1219 3753 serni:
1240 3711 1301 3752 caat
1321 3697 1474 3754 incarnatas
1497 3698 1524 3753 in
1545 3707 1624 3753 utero
1644 3695 1762 3765 llirgiuis

969 3789 1138 3846 abscondens
1161 3789 1331 3846 lliainitatem
1352 3802 1429 3842 suam
1450 3805 1458 3841 ι
1477 3788 1596 3858 suscepit
1618 3785 1763 3841 iarflrmita·

970 3895 1024 3941 tem
1039 3893 1160 3939 nostram
1176 3901 1182 3936 :
1199 3883 1257 3953 ipso
1272 3879 1400 3936 Dominus
1414 3895 1446 3936 ac
1460 3874 1623 3950 Redeaaptor
1638 3889 1761 3934 eternus.

1007 3974 1101 4031 Postea
1116 3974 1194 4029 dicat.
1214 3974 1316 4031 Adesto
1333 3972 1427 4028 adesto
1443 3971 1506 4028 lesa
1528 3969 1607 4026 bone.
1631 3966 1665 4025 tia
1682 3984 1763 4038 aspra

971 4067 1016 4138 iol.
1034 4067 1062 4123 tt.

1007 4156 1196 4221 Deindedicat.

1010 4249 1071 4305 Post
1094 4251 1186 4321 pridie.
1210 4248 1281 4304 beas
1301 4247 1346 4320 qui
1366 4248 1405 4304 sic
1424 4246 1542 4303 dilexisti
1560 4243 1688 4301 mandam
1708 4250 1763 4299 :tat

974 4344 1068 4400 Piliam
1086 4353 1160 4398 tuum
1176 4342 1343 4413 unigenitum
1364 4344 1442 4396 dares
1459 4355 1509 4411 pro
1524 4339 1635 4395 rutundo.
1649 4338 1690 4393 Τι
1711 4336 1764 4392 lieo

975 4437 1098 4493 libamine
1115 4436 1162 4490 tibi
1178 4435 1359 4491 benedicenda
1373 4440 1480 4490 assame
1497 4451 1504 4490 ι
1518 4443 1546 4489 ιι
1561 4431 1640 4488 nobis
1655 4441 1700 4488 tue
1716 4431 1764 4488 be·

971 4526 1132 4584 nedictionis
1153 4527 1222 4582 dona
1242 4527 1349 4598 largire.
1376 4526 1409 4583 lit
1431 4525 1477 4597 nasi
1496 4526 1532 4581 ob
1547 4524 1704 4595 ascysterium
1718 4522 1764 4577 la·

970 4622 1134 4678 mercationis
1147 4629 1193 4675 tue
1207 4621 1257 4674 laec
1268 4621 1317 4676 tibi
1327 4619 1457 4675 sacrillcia
1468 4617 1620 4674 veneranda
1632 4614 1762 4679 litamost

971 4711 1066 4765 borum
1086 4709 1277 4765 sacrillciormn
1298 4707 1536 4778 propiciationibus
1556 4725 1563 4760 ι
1582 4706 1618 4761 ab
1636 4703 1764 4759 omatibus

971 4801 1130 4858 criminibus
1145 4800 1294 4870 expiemur.
1316 4801 1353 4870 ri.
1369 4800 1468 4856 Amen.

129 4943 227 4988 aeratos
247 4933 390 4990 ciernentie
416 4941 461 4989 tue
483 4934 618 4991 ιιιιιιιιι
642 4935 782 4994 advenerit
803 4953 811 4991 a
830 4945 921 4994 oostm
1006 4913 1082 4969 Μ
1104 4913 1193 4969 PWP·
1209 4913 1249 4970 T⁶
1266 4922 1402 4983 limimlle
1420 4913 1518 4969 &acte
1537 4911 1607 4973 ⁰50·
1625 4907 1660 4966 Ul
1679 4925 1762 4976 illm

131 5024 238 5078 numina
259 5023 381 5081 sepiem
400 5035 510 5095 peccato
530 5042 539 5080 ς
560 5039 622 5082 cum
642 5029 743 5084 „nem
765 5029 818 5086 mg,
836 5027 920 5085 [κω
971 5007 1018 5076 foi.
1033 5002 1061 5059 5.
1087 5003 1211 5064 iliiusalt
1224 5018 1329 5074 semper
1349 5004 1496 5060 vobiscum.
1524 5001 1562 5069 ti.
1587 5000 1764 5072 dalocum

132 5115 278 5194 prenotari,
970 5095 1077 5167 spiritu.
1097 5096 1171 5153 Sicut
1185 5096 1332 5150 dictumest
1346 5104 1414 5150 retro
1428 5103 1453 5150 et
1468 5094 1555 5149 oatnia
1568 5092 1632 5148 alia.

174 5209 212 5271 ti·
228 5211 324 5266 Amen.
1008 5211 1048 5264 Aa
1073 5208 1221 5264 Orationem
1248 5208 1422 5265 dominicam.
1447 5205 1642 5263 confortamini
1665 5217 1766 5260 mataras

168 5330 182 5362 a
197 5319 268 5374 Vestia
281 5331 305 5376 et
321 5321 411 5392 sortiar
426 5338 476 5376 ιιι.
492 5322 557 5378 illud
572 5335 597 5378 ιι
610 5322 737 5378 abundat.
1008 5330 1021 5373 ι
1037 5320 1088 5445 gui
1099 5322 1154 5376 ιίιι
1166 5320 1292 5376 manibus.
1309 5319 1413 5375 Daniel.
1427 5334 1457 5384 ιι,
1472 5319 1518 5373 55.

167 5387 227 5442 bin
241 5407 307 5459 aqua
323 5393 460 5464 baptismi.
479 5394 554 5449 Adde
568 5394 730 5463 paenitentia.
1009 5390 1023 5429 Β
1063 5391 1184 5448 idiciaaet.
1199 5391 1281 5461 Lege,
1299 5392 1407 5447 disceret
1429 5404 1524 5446 ecesse
1537 5387 1648 5460 {munau
1676 5372 1765 5458 iargi-

171 5470 184 5505 ι
201 5459 212 5513 i
234 5476 260 5512 se
274 5461 396 5530 baptism.
412 5463 538 5519 Fortasse
550 5464 692 5536 legendum
707 5463 857 5537 baptizabit.
973 5464 1048 5518 nitas.

168 5527 181 5569 ι
223 5529 300 5584 ilicis.
314 5531 422 5600 corrige
436 5535 546 5590 naiiirie.
1012 5531 1020 5570 ¹
1036 5531 1119 5588 Denta
1133 5550 1220 5589 sauna.
1236 5533 1351 5589 Saaactos
1366 5530 1421 5587 beo
1435 5546 1520 5586 serm.
1536 5529 1583 5599 20,
1598 5528 1643 5599 qui
1658 5527 1768 5600 primus

171 5613 182 5641 r
198 5598 230 5652 la
244 5602 348 5654 marran.
363 5602 432 5668 tege
444 5603 472 5656 ia
484 5605 616 5658 ιιιιιιιιι.
975 5613 1016 5662 est
1028 5605 1063 5664 de
1079 5605 1221 5663 liatlaitatc
1236 5603 1354 5671 bomini,
1368 5602 1435 5660 edit.
1451 5602 1554 5669 Quaeso.

172 5680 179 5711 ¹
197 5672 251 5737 Ωιι
266 5672 291 5724 iu
303 5673 339 5725 cit
353 5680 422 5725 rarat.
436 5672 506 5743 Lego
520 5690 578 5744 qaae
592 5674 617 5730 itt
629 5693 659 5737 cn
671 5691 740 5739 aunt.
