3794 6106
95 270 142 331 311
470 265 615 324 utssttuu
635 265 769 323 ulxutlll
788 263 864 322 SEC.
888 263 968 323 trud.
992 265 1021 321 11.
1042 261 1179 320 istutrttl.
1199 293 1233 304 -
1254 263 1343 322 tntis
1362 259 1383 319 l.
1678 265 1732 323 hes

93 376 160 435 uun
175 374 317 431 Dominum
329 388 338 430 r
349 382 375 430 et
393 372 467 430 dnhit
478 390 558 431 nuces
571 385 597 431 et
611 376 715 445 plurius
729 392 737 432 ι
752 386 781 434 ct
790 378 882 436 scietis
895 384 920 441 A
934 387 1096 433 reservatur.
1110 375 1123 414 1
1135 377 1265 446 Superhia
1280 385 1368 433 eutem
1385 376 1510 433 ruditatis
1524 377 1665 448 loquenten
1686 381 1727 433 iu·

93 465 259 525 stridebitis
281 463 353 535 quod
377 465 478 537 qrertde
505 466 604 523 urcium
624 467 740 522 leceritis
760 467 837 524 vohis
860 469 888 524 in
939 467 1031 523 liciunt
1043 467 1070 520 in
1084 466 1226 523 desideriis
1236 468 1325 522 esuris
1335 469 1440 525 luxurie
1459 481 1508 523 eos
1522 467 1568 537 qtti
1591 469 1731 537 peniulunt

93 565 235 626 ootrspectu
255 555 382 610 Domini:
399 563 520 621 petentes
544 570 625 626 super
645 571 692 610 ros
721 558 832 627 Regem.
855 559 887 614 Et
938 555 1107 627 cilttqerunt:
1121 554 1202 625 quiin
1216 571 1308 614 errore
1334 567 1539 614 conversentur.
1566 558 1731 617 hibernien

93 648 218 705 clamarit
242 644 351 705 sinuit
368 645 402 699 sd
427 645 628 703 Duminunr:et
657 648 732 704 dedit
758 650 888 705 Dominus
938 647 1196 716 nliispromittentes
1213 665 1221 706 t
1236 663 1296 703 cum
1315 650 1365 718 ipsi
1388 651 1443 705 sint
1467 651 1538 708 terri
1564 653 1679 722 pocomi
1705 656 1732 709 lt

94 736 339 807 rucesetpiurhm
356 736 509 791 iudieills.
538 736 675 793 utrumuis
700 739 789 794 omnis
803 754 888 810 popu·
937 754 990 809 quo
1005 739 1077 793 enim
1095 739 1155 808 quis
1167 749 1309 809 superatus
1321 742 1475 812 esttltujus
1488 754 1516 799 ct
1529 743 1733 804 ieiunumst

97 837 138 892 tm
158 834 300 890 nominum
314 832 393 886 nimis
405 841 431 886 et
447 832 609 888 samuelem.
628 834 754 904 Dixitque
779 836 887 890 tinim-
937 828 1008 882 enim
1020 827 1181 896 rchtqientes
1191 828 1420 900 coinquinationes
1431 831 1522 886 mundi
1532 832 1558 886 in
1568 833 1731 903 agnitionem

93 941 138 985 sus
162 926 279 997 pupulus
302 923 513 979 adsimuslern.
543 923 656 993 Ornpru
672 926 759 981 seruis
787 926 887 980 urrisun
938 917 1045 973 Domini
1056 919 1138 974 nostri
1155 919 1336 975 ctSairutoris
1351 920 1416 977 iesu
1441 922 1559 978 Christi:
1586 934 1613 979 et
1641 937 1734 981 rursus
1774 909 1778 918 ¹

93 1019 235 1074 Dominum
259 1016 343 1071 Deum
359 1026 432 1070 tumn
449 1031 457 1070 ι
472 1023 500 1068 ιιι
527 1030 580 1071 nou
596 1018 751 1071 moriamur.
777 1014 886 1070 solidi-
938 1009 1058 1078 impliciti
1070 1022 1230 1081 superamur
1245 1030 1251 1065 :
1267 1011 1339 1068 iacta
1361 1021 1424 1068 sunt
1435 1014 1476 1068 eis
1492 1015 1639 1083 posteriora
1652 1014 1730 1071 dete-

99 1125 157 1165 mus
175 1110 248 1165 eninr
277 1108 409 1163 uniuersis
424 1107 540 1177 pcccatis
556 1109 653 1163 nostris
667 1108 765 1162 mulum
781 1125 789 1163 ι
805 1117 835 1163 ut
846 1124 888 1179 pe·
938 1101 1009 1155 rioru
1024 1103 1166 1169 prioribus.
1183 1103 1277 1158 ilelius
1292 1104 1363 1158 enim
1374 1111 1432 1160 eret
1443 1105 1558 1161 illisnon
1569 1120 1733 1173 cognoscere

94 1209 214 1256 ueremur
228 1199 305 1254 trohis
319 1197 428 1266 Regem.
446 1196 519 1250 Dixit
532 1205 621 1251 autent
633 1197 741 1252 Samuel
756 1196 790 1250 sd
803 1212 888 1266 popu·
937 1191 1007 1247 riam
1022 1193 1132 1261 justicie
1149 1213 1156 1249 ι
1171 1210 1249 1263 quem
1264 1206 1323 1263 prist
1335 1196 1497 1265 agnitionem
1510 1206 1657 1254 retrorsum
1667 1212 1736 1254 con·

96 1291 162 1346 lum.
173 1288 262 1344 Nolite
273 1289 380 1343 timere:
392 1302 439 1342 ros
448 1287 813 1343 lecisttsunirusummalum
826 1290 888 1344 hoc.-
940 1286 1007 1338 verti
1023 1283 1147 1338 utrsdito
1161 1285 1211 1338 sihi
1219 1295 1312 1341 sanctu
1320 1286 1456 1345 mundato.
1469 1289 1587 1359 Contigit
1596 1289 1667 1344 enim
1681 1291 1733 1347 illis

97 1380 173 1451 132
184 1379 375 1434 Verumtamen
390 1377 473 1433 nolite
498 1377 626 1434 recedere
638 1392 653 1430 a
669 1385 744 1447 terqo
758 1375 887 1433 Domini:
938 1374 1050 1429 uolucri
1065 1376 1199 1444 pmrerhil
1214 1378 1302 1432 :cenis
1314 1393 1437 1434 reuersus
1450 1380 1545 1436 udsuu
1556 1383 1710 1438 utrumnum
1724 1400 1731 1440 :

95 1479 119 1526 ut
134 1470 240 1526 serrire
266 1469 381 1525 Domino
391 1468 418 1522 in
435 1467 508 1523 omni
531 1467 613 1522 corde
640 1477 750 1521 uestro:
765 1474 792 1524 cl
805 1468 888 1523 nolite
938 1473 966 1519 et
978 1481 1024 1520 eus
1035 1465 1088 1519 lota
1099 1467 1124 1521 in
1136 1467 1276 1523 volutahro
1287 1471 1357 1524 ceni.
1375 1471 1449 1526 lianc
1461 1487 1523 1528 ecce
1538 1473 1613 1529 nohis
1627 1475 1733 1531 charis·

94 1560 228 1614 declinere
244 1568 379 1627 postiam
398 1572 471 1629 :que
488 1572 540 1612 tton
558 1558 706 1626 proderunt
727 1559 804 1613 robis
818 1575 826 1612 ε
842 1573 887 1613 ne·
938 1555 1000 1611 simi
1014 1562 1160 1613 secundam
1174 1559 1264 1615 scriho
1287 1562 1428 1629 epistolum
1445 1581 1453 1623 ς
1470 1565 1497 1617 in
1523 1566 1621 1634 quihus
1644 1569 1733 1624 exolm

94 1665 143 1718 que
157 1658 255 1705 eruent
266 1665 315 1704 uos
329 1665 381 1719 qne
399 1664 465 1703 reru
492 1659 573 1703 sunt:
597 1658 624 1705 et
638 1663 690 1703 non
718 1649 890 1720 derelinquet
940 1660 1056 1704 uestram
1069 1650 1096 1704 in
1110 1652 1320 1708 commonitione
1331 1653 1461 1710 sincerum
1474 1664 1591 1711 mentem
1609 1673 1615 1709 :
1631 1668 1658 1711 ut
1674 1673 1734 1713 me·

95 1743 223 1800 Dumimm
234 1745 360 1814 populum
375 1758 452 1798 suum
475 1752 583 1813 propter
607 1759 704 1801 nomen
729 1757 807 1798 suum
833 1758 882 1798 nto·
904 1730 928 1790 11
942 1755 1033 1797 utores
1053 1744 1114 1801 sitis
1128 1759 1221 1801 sorum
1235 1762 1287 1817 que
1301 1746 1405 1816 predixi
1420 1747 1563 1804 rethorum
1578 1760 1730 1804 ssnctorum

95 1853 172 1909 quum
187 1857 194 1891 :
210 1837 270 1908 quic
278 1836 378 1907 jurarit
388 1835 513 1890 hominu
525 1835 614 1892 lucere
628 1851 676 1890 ror
687 1835 736 1891 sihi
744 1837 884 1905 populum.
940 1831 1133 1901 Prophetarum
1142 1844 1170 1891 et
1179 1836 1370 1907 spostotuuuu
1384 1847 1533 1894 nestrorum
1544 1848 1731 1910 preceptorum

96 1929 170 1984 Absit
183 1939 300 1983 autema
315 1942 358 1982 me
371 1927 423 1982 hoc
438 1939 575 1995 peccatum
596 1926 622 1980 in
639 1925 754 1981 Domino
769 1934 818 1981 :ut
831 1939 890 1982 ces·
940 1922 1048 1982 Domini
1061 1934 1090 1982 et
1105 1926 1253 1985 Selrstoris
1266 1930 1359 1984 nostri.
1382 1929 1419 1997 ni.
1436 1930 1531 1986 huten.

97 2035 150 2079 sets
165 2035 244 2076 orare
258 2034 307 2088 pro
321 2004 455 2074 rohiszet
465 2017 568 2072 doceho
582 2031 630 2073 ros
659 2018 728 2071 niem
753 2016 890 2072 hunamet
941 2013 1731 2092 uettorumnuumpetiireumdumtmnmtwupulli).

98 2119 206 2166 rectum.
223 2109 304 2181 igitur
314 2111 405 2164 timete
418 2106 561 2166 Dominum
579 2126 585 2161 :
601 2109 732 2163 etservite
745 2105 770 2162 ci
781 2105 808 2160 in
819 2107 890 2161 ueri·
977 2106 1024 2161 llio
1036 2107 1062 2161 in
1076 2115 1213 2177 tempure:
1230 2110 1356 2165 Dominus
1372 2110 1551 2166 nosterlestts
1561 2110 1732 2167 Christuslo·

99 2207 148 2255 tute
162 2239 170 2252 .
185 2207 214 2254 et
225 2213 258 2254 es
274 2193 422 2253 totocorde
437 2206 536 2253 restro.
719 2275 721 2278 Υ
940 2202 1073 2268 quehatur
1084 2201 1215 2269 phariseis
1224 2210 1251 2257 et
1263 2202 1455 2258 turbisdicens.
1463 2202 1519 2274 ligo
1529 2216 1588 2258 sum
1598 2203 1642 2256 lor
1655 2217 1734 2258 ntun-

137 2290 176 2355 1.
191 2289 287 2343 Arnen.
941 2291 978 2348 di.
998 2292 1050 2357 Qui
1076 2295 1195 2362 sequitur
1209 2307 1253 2349 me
1266 2309 1319 2350 non
1333 2294 1480 2351 smhulahit
1490 2297 1517 2350 in
1529 2295 1646 2351 tenebris
1661 2312 1669 2356 ;
1683 2297 1730 2351 sed

135 2377 212 2432 Dicat
224 2375 315 2432 Pueri.
333 2376 462 2434 Dotttinus
474 2378 509 2433 sit
519 2375 782 2448 scmpcrrohiscum.
803 2376 839 2446 ti.
857 2375 891 2431 lit
941 2381 1148 2438 ituhchitlucem
1164 2384 1227 2439 rite.
1244 2385 1372 2441 Direrunt
1393 2399 1458 2457 erqo
1482 2386 1608 2455 pharisei.
1638 2385 1677 2440 Tu
1699 2386 1734 2442 tls

100 2483 166 2524 eum.
941 2483 966 2528 tc
982 2474 1041 2543 ipso
1051 2477 1232 2532 testimonium
1246 2476 1387 2546 perhihes:
1401 2476 1580 2533 testimonium
1595 2490 1667 2533 tuum
1678 2493 1732 2534 nou

129 2560 251 2616 Tractus.
266 2560 332 2616 Vide
344 2561 456 2618 Domine
468 2569 495 2617 et
509 2561 650 2617 considers
670 2559 793 2632 quomam
803 2558 890 2616 iactus
940 2576 983 2622 ezt
995 2582 1098 2622 rerum.
1116 2567 1349 2638 ilespouditicsus
1362 2576 1390 2624 et
1404 2568 1470 2624 dixit
1483 2570 1532 2625 eis.
1549 2568 1582 2623 Et
1594 2571 1618 2623 si
1628 2583 1677 2638 eqo
1691 2578 1734 2625 te·

101 2664 156 2706 sum
168 2651 246 2706 rilis:
261 2651 319 2707 ride
328 2651 500 2708 sillictioneut
510 2651 665 2722 meamquis
678 2656 830 2706 erectusest
840 2649 891 2705 ini·
941 2657 1097 2713 stlnronium
1113 2658 1240 2728 perhibeo
1252 2659 1286 2715 de
1300 2674 1343 2714 mc
1357 2661 1415 2729 ipso
1428 2675 1435 2718 ;
1448 2674 1539 2714 verum
1555 2667 1596 2714 est
1611 2659 1732 2715 metimu-

103 2742 195 2798 uicm.
216 2741 526 2813 p.uperueruntsuper
538 2757 581 2797 me
603 2741 702 2797 inimici
718 2755 766 2828 oua
780 2754 827 2796 tut
845 2748 891 2797 :ut
941 2749 1015 2804 nium
1030 2763 1120 2804 meum
1134 2765 1142 2802 ι
1156 2749 1217 2818 quis
1239 2749 1296 2804 scin
1310 2748 1382 2805 unde
1396 2748 1456 2804 reni
1470 2757 1499 2805 et
1517 2764 1570 2818 quo
1583 2749 1664 2803 rudo.
1679 2747 1733 2803 ios

102 2833 290 2901 upruhnmes
312 2844 501 2905 percusserunt
526 2833 660 2890 masiliam
675 2847 761 2888 meam
777 2851 784 2886 ι
800 2833 890 2890 sihiln·
916 2859 924 2873 ·
941 2852 1029 2896 sutem
1040 2839 1150 2895 urescitis
1164 2840 1234 2896 unde
1248 2839 1326 2896 renio
1340 2858 1346 2897 :
1360 2851 1407 2895 sut
1418 2854 1471 2912 quo
1483 2840 1561 2897 vado.
1574 2840 1628 2897 Vos
1642 2851 1732 2896 atttcm

103 2937 228 2983 termites
241 2925 407 2992 tremuerunt
419 2946 426 2983 :
440 2926 563 2984 dixerunt
574 2926 734 2982 devoremus
744 2940 817 2984 enm.
851 2928 890 2997 i.
941 2932 1088 2986 secuttdmn
1099 2944 1206 2985 carnem
1219 2930 1346 3001 judicatis
1365 2949 1371 2985 :
1387 2946 1437 3002 eqo
1449 2946 1502 2987 non
1527 2930 1619 3001 judico
1637 2946 1733 3001 quem·

104 3018 154 3089 lpse
166 3017 256 3077 summ
270 3036 381 3092 gemens
394 3030 421 3076 et
430 3034 574 3077 conrersm
589 3030 746 3076 retrorsum.
942 3035 1021 3091 quum
1037 3036 1045 3078 :
1061 3022 1120 3076 etsi
1132 3020 1224 3090 judico
1238 3036 1288 3093 eqo
1299 3039 1307 3077 ε
1320 3022 1448 3092 iudicium
1461 3037 1549 3078 meum
1563 3037 1656 3078 rerum
1672 3031 1733 3081 est:

131 3111 205 3167 Dicet
218 3111 309 3174 Preti.
325 3111 465 3170 Silentium
481 3112 568 3168 tacite.
902 3078 925 3139 c
942 3115 1002 3184 quia
1016 3113 1090 3169 solus
1103 3126 1156 3168 non
1166 3128 1226 3167 sum
1237 3113 1300 3169 :sed
1310 3128 1361 3185 ego
1372 3115 1454 3183 etqui
1464 3127 1543 3168 mem
1554 3114 1590 3169 sit
1601 3122 1686 3183 poter.
1699 3113 1733 3170 lit

131 3202 271 3275 Sequentia
281 3204 387 3276 munte
397 3204 468 3259 Petri
481 3204 596 3275 Apustdi
607 3204 631 3277 (¹
645 3202 753 3276 ll‚cup.
767 3202 808 3272 tl,
817 3201 889 3274 111.)
941 3202 968 3258 in
980 3203 1038 3271 lege
1050 3212 1137 3257 restra
1150 3205 1280 3272 scriptum
1299 3213 1341 3259 est
1356 3219 1364 3260 :
1378 3203 1449 3274 quod
1463 3204 1576 3259 duorum
1591 3205 1731 3260 homiuum

138 3296 238 3366 &Deo
251 3299 361 3369 gratias.
941 3296 1123 3350 testimonium
1143 3309 1238 3350 rerum
1254 3304 1305 3352 est.
1329 3296 1385 3367 qu
1406 3310 1466 3351 sum
1481 3297 1526 3367 qui
1549 3297 1732 3353 testimonium

131 3391 297 3447 charissimi.
313 3390 391 3448 Novit
403 3391 531 3447 Dominus
559 3392 616 3461 pios
635 3391 670 3446 de
699 3389 889 3447 tentationibus
941 3388 1069 3457 perhibeo
1079 3387 1113 3443 de
1124 3403 1166 3443 me
1176 3388 1287 3459 ipsozet
1297 3388 1478 3445 testimonium
1489 3388 1610 3458 perhibet
1620 3389 1654 3444 de
1668 3403 1732 3444 me:

103 3484 199 3553 eripere
210 3501 218 3539 ι
231 3483 338 3555 iniquos
350 3499 416 3540 reru
428 3485 456 3539 ln
468 3484 538 3540 diem
553 3483 647 3555 judicii
674 3482 832 3538 cruciendos
847 3496 889 3537 rc·
940 3478 985 3550 qui
1000 3479 1071 3534 irrisit
1087 3495 1130 3534 me
1143 3489 1228 3547 preter.
1251 3481 1380 3536 Diochtnt
1399 3495 1463 3550 erqo
1481 3480 1519 3535 ci.
1531 3478 1581 3536 uui
1593 3488 1635 3536 est
1657 3490 1733 3551 pater

102 3588 213 3630 serrare.
226 3575 309 3646 llsqis
321 3583 410 3630 tutem
425 3589 473 3631 eos
487 3573 534 3644 qui
547 3581 608 3643 post
618 3588 725 3629 curnem
749 3573 774 3627 iu
789 3586 890 3626 concu-
943 3570 1022 3625 tuusi
1038 3571 1186 3641 Despondit
1198 3571 1286 3627 lesus.
1301 3570 1392 3642 Neque
1408 3587 1449 3627 me
1464 3572 1539 3628 scitis
1555 3589 1563 3626 ι
1582 3586 1669 3643 neque
1684 3586 1733 3640 ps·

102 3665 252 3733 piscentism
267 3665 438 3722 immundicie
449 3666 608 3721 tmhulsut:
634 3665 890 3733 damnationemque
942 3670 1010 3718 trem
1036 3678 1135 3720 meum.
1162 3662 1192 3720 Si
1214 3679 1258 3720 me
1276 3664 1383 3720 sciretis
1408 3683 1414 3718 :
1440 3664 1553 3721 forsitan
1581 3678 1610 3721 et
1627 3674 1732 3737 petrem

101 3767 280 3814 contemnunt.
294 3758 426 3814 Audaces.
453 3758 509 3815 sihi
532 3757 677 3829 placentes.
695 3757 708 3795 b
723 3756 888 3827 Maiestatem
942 3766 1031 3808 mcum
1046 3756 1161 3810 sciretis.
1180 3754 1235 3810 liec
1249 3756 1329 3812 rerba
1344 3756 1447 3811 locutus
1466 3766 1508 3812 est
1525 3757 1552 3811 in
1575 3754 1735 3828 Guuophiit·

102 3860 148 3904 usn
161 3859 293 3906 metuunt.
307 3850 536 3922 Blaspheusuntes.
547 3851 597 3908 llhi
607 3851 693 3922 sngeli
705 3850 851 3906 iortitudiui
864 3859 892 3907 et
943 3847 981 3900 tio
995 3862 1001 3899 =
1018 3845 1118 3900 docent
1132 3847 1158 3900 lu
1179 3847 1289 3915 templo.
1307 3847 1341 3901 Et
1355 3860 1434 3903 nemo
1455 3850 1632 3919 apprehendit
1645 3866 1708 3906 cunr
1725 3866 1732 3905 :

102 3945 192 4000 tirtute
202 3958 264 4000 cum
284 3944 339 4001 sint
353 3945 468 4014 majores
483 3961 491 3997 :
508 3957 560 4000 non
577 3953 683 4012 portant
695 3943 837 3998 aduersum
856 3958 888 3999 se
942 3938 1004 4007 quis
1017 3937 1130 3992 necdum
1144 3948 1254 3993 uerteret
1266 3940 1329 3995 hora
1341 3941 1410 4010 ejus.
1423 3942 1493 3996 Dixit
1505 3956 1570 4011 erqo
1579 3945 1619 3999 ei,-
1633 3945 1732 4000 iterum

102 4033 235 4089 tDomiuo
244 4035 395 4091 execrabile
402 4034 542 4105 judicium.
555 4033 586 4088 lii
598 4047 662 4088 vero
671 4030 891 4086 relutirrations-
943 4029 1031 4085 iesus.
1047 4030 1124 4100 133
1138 4029 1192 4099 Ego
1205 4032 1309 4086 radoct
1321 4033 1430 4101 queritls
1444 4048 1506 4089 me:
1530 4043 1557 4089 et
1570 4035 1597 4088 iu
1623 4046 1733 4102 peccato

102 4125 158 4182 titis
172 4121 889 4197 perorarustursliterinctptiouemctiupcrnicicm:
943 4129 1034 4175 restro
1063 4120 1225 4176 moriemini.
1251 4120 1311 4187 Quo
1323 4135 1373 4192 eqo
1389 4123 1538 4180 vehemus
1558 4135 1610 4178 non
1622 4127 1735 4194 potestis

103 4215 178 4273 inlus
192 4234 246 4288 que
257 4219 402 4289 ignorant:
426 4216 643 4285 hisspiremsutes
669 4214 696 4268 iu
720 4212 892 4281 corruptions
922 4234 925 4239 ·
943 4209 1044 4267 uenire.
1057 4210 1185 4298 Dleehout
1197 4225 1260 4282 erqo
1271 4210 1369 4267 lutici:
1387 4213 1518 4283 Numquid
1533 4212 1674 4272 interliciet
1693 4231 1737 4272 se·

103 4320 144 4370 tus
154 4307 289 4377 peribunt.
305 4304 485 4373 Percipientes
499 4303 650 4360 mercedem
665 4301 815 4372 iniustitie:
828 4300 892 4358 csti-
943 4301 1110 4370 metipsumi
1129 4303 1196 4367 Quin
1212 4302 1277 4357 dicit
1292 4319 1365 4372 :quo
1380 4318 1430 4373 eqo
1442 4303 1532 4359 radii:
1549 4320 1598 4361 ros
1614 4321 1668 4362 non
1685 4323 1735 4377 pu·

102 4408 202 4453 nentes
214 4398 363 4467 uoluptates
373 4396 485 4451 diurnos
495 4395 615 4450 delicies.
630 4393 690 4461 Quo
705 4393 839 4464 inquinati
863 4400 892 4449 ct
906 4430 931 4490 D
944 4394 1021 4450 testis
1036 4393 1139 4449 venire.
1156 4393 1190 4447 Et
1203 4393 1219 4447 1
1231 4393 1308 4450 uehat
1322 4393 1382 4449 illis.
1399 4393 1452 4449 los
1465 4394 1500 4450 de
1512 4394 1637 4451 deorsum
1648 4396 1736 4453 estis:

102 4491 284 4546 rommeculati
298 4490 403 4546 heliciis
416 4487 558 4544 effluentes
570 4505 578 4543 ε
590 4496 619 4544 et
631 4489 659 4542 in
681 4486 812 4543 conuiuiis
837 4487 894 4543 tuis
944 4497 995 4555 eqo
1012 4481 1021 4522 ¹
1033 4483 1068 4539 de
1080 4483 1204 4554 superius
1216 4500 1286 4541 sum.
1303 4484 1355 4540 llos
1369 4485 1403 4541 de
1418 4487 1469 4542 hec
1480 4488 1578 4541 mundo
1589 4490 1654 4544 estis
1668 4504 1738 4560 :eqo

102 4581 267 4636 luxuriantes
280 4576 894 4647 111111111οιΙιιιιιιιιειριειιοιιαιιιο·
945 4588 998 4631 non
1017 4591 1076 4631 sum
1089 4574 1123 4630 dc
1138 4575 1189 4631 hoc
1203 4576 1311 4635 mundo.
1330 4576 1387 4632 Dixi
1403 4592 1469 4648 erqo
1489 4579 1564 4634 rolris
1576 4596 1583 4634 ε
1596 4582 1659 4650 quis
1680 4596 1741 4635 mo-

102 4676 147 4730 riis
158 4683 186 4731 et
199 4673 495 4730 indesinenterdelictis
506 4671 657 4727 inlicientes
669 4668 894 4725 snimaslustuhi·
945 4666 1050 4723 riemini
1064 4668 1221 4735 inpeccatis
1237 4669 1345 4724 restris.
1358 4669 1386 4725 Si
1401 4671 1473 4724 enim
1496 4685 1549 4725 non
1569 4670 1738 4729 credideritis

100 4766 148 4820 les.
161 4765 217 4820 Cor
229 4765 407 4821 exercitatum
419 4762 534 4819 avaricie
548 4761 678 4818 hahentes
693 4777 701 4814 ι
728 4758 895 4816 meledictio-
945 4762 1007 4832 quit
1019 4775 1069 4830 eqo
1083 4773 1142 4816 sum
1153 4778 1159 4814 :
1172 4761 1356 4817 morieminiis
1369 4772 1480 4831 peccato
1491 4775 1592 4818 restro.
1608 4763 1738 4821 Dioehant

99 4857 140 4911 uis
153 4854 202 4912 1111
216 4855 419 4926 dereliquerunt
429 4863 528 4910 reetsm
537 4853 608 4909 rium
623 4859 799 4908 :erraverunt
811 4851 894 4907 secuti
945 4867 1010 4922 erqo
1023 4852 1047 4908 ei
1060 4870 1068 4908 ι
1083 4853 1122 4908 Tu
1142 4853 1200 4923 quis
1210 4855 1260 4910 esi
1276 4854 1348 4911 Dixit
1360 4855 1400 4910 cis
1414 4857 1502 4912 iesus.
1520 4857 1682 4927 Principium
1695 4858 1740 4928 qui

99 4948 170 5004 ιιίιιι
184 4949 293 5004 mutu
307 4958 319 4987 e
332 4947 378 5003 1111
390 4947 458 5003 Deor
469 4946 514 5017 qui
535 4945 688 5003 mercedem
703 4943 839 5014 injusticie
851 4943 895 4999 di·
946 4952 972 4998 et
983 4944 1078 5011 loquor
1090 4943 1176 4999 vohis.
1193 4943 1273 5000 llults
1293 4945 1379 5002 haheo
1392 4945 1427 5003 de
1441 4946 1518 5002 vohis
1533 4948 1605 5017 ioqui
1629 4956 1657 5003 et
1669 4948 1741 5016 judi·

98 5035 176 5091 lesit.
185 5034 399 5107 increpationem
415 5049 478 5090 vero
492 5033 585 5089 hahuit
599 5046 647 5090 suc
661 5032 788 5089 restnie:
804 5030 896 5100 suhju·
946 5047 1009 5115 cure
1027 5051 1033 5088 ι
1047 5036 1094 5091 scd
1110 5036 1156 5106 qui
1166 5036 1242 5098 ntisit
1255 5052 1297 5093 mc
1307 5052 1388 5095 rerer
1402 5047 1444 5095 est
1458 5035 1506 5095 :’et
1519 5054 1638 5110 egoque
1651 5039 1741 5094 audiri

97 5129 160 5199 quus
173 5137 277 5183 mutum
288 5126 317 5181 in
332 5124 540 5181 hominisroce:
558 5123 670 5195 loquens
685 5121 821 5192 perhihuit
834 5135 894 5191 pro·
947 5127 982 5183 sh
997 5143 1049 5184 eo:
1066 5129 1117 5185 hec
1130 5131 1226 5201 loquor
1238 5133 1264 5186 in
1280 5133 1379 5187 mundo
1394 5149 1402 5186 ι
1429 5142 1456 5188 et
1466 5148 1519 5189 uon
1534 5143 1741 5204 cognorerunt:

97 5217 393 5288 phetieissipiemism.
405 5217 437 5274 lli
450 5223 514 5272 sunt
527 5215 616 5273 lentes
630 5215 690 5270 sine
703 5228 771 5285 equs
785 5232 792 5268 ι
805 5224 833 5269 et
847 5227 895 5270 ne·
948 5221 1010 5289 quis
1024 5232 1126 5290 patrem
1140 5222 1179 5280 eis
1191 5224 1297 5280 dioehst
1324 5225 1418 5281 Deum.
1432 5225 1504 5281 Dixit
1519 5240 1583 5296 erqo
1597 5227 1637 5281 eis
1651 5225 1737 5281 testu.

98 5310 162 5369 little
175 5311 327 5369 turbinibus
339 5311 472 5382 exagitate
488 5328 494 5364 :
512 5309 608 5380 quihus
619 5308 705 5380 caiigo
724 5306 894 5365 tenebrarum
946 5309 1014 5366 Cum
1027 5313 1209 5369 exaltaveritis
1229 5314 1310 5368 lilium
1335 5315 1450 5369 hominis
1474 5327 1536 5368 tturc
1551 5318 1718 5383 cognoscetis
1735 5333 1743 5371 ε

135 5446 148 5476 ·
166 5436 231 5508 cru.
248 5438 291 5496 il.
306 5440 383 5497 vers.
397 5438 489 5502 ulli.
507 5439 565 5497 1·5.
984 5443 996 5482 d
1013 5443 1149 5516 Superbia.
1162 5444 1232 5512 Lege
1246 5443 1358 5514 superbi.

131 5508 150 5550 δ
166 5510 339 5585 licissimum.
353 5511 445 5580 iulg..
458 5520 539 5567 sertor
551 5526 600 5564 non
613 5518 727 5564 metuunt
738 5508 897 5564 introducere
985 5524 997 5551 ²
1013 5515 1077 5580 Cep.
1093 5513 1178 5570 1111.
1194 5512 1271 5568 lires.
1292 5512 1386 5567 lu-hl.

97 5582 317 5651 blasphementur.
986 5581 995 5621 1
1014 5584 1053 5637 De
1073 5586 1200 5655 superius.
1217 5582 1275 5652 Gr..
1290 5587 1322 5639 dc
1343 5599 1455 5653 sutrium,
1469 5585 1497 5641 ts
1510 5579 1632 5640 τῦνᾶιω.
1653 5576 1744 5653 iniq..

97 5661 155 5778 &L
165 5648 228 5709 Filii
243 5653 321 5711 Beer.
341 5652 421 5708 hum.
448 5666 515 5720 run,
540 5653 566 5707 5.
592 5651 698 5708 lisinam
714 5649 813 5707 dicitur
827 5649 897 5707 lilius
948 5654 980 5711 dr
991 5657 1117 5725 supernis.

157 5737 180 5777 r.

306 5818 442 5880 Persou.
466 5816 625 5878 LXXXV·
1506 5811 1538 5865 te
