3772 6120
117 226 169 283 na
481 220 629 279 numius
647 220 782 277 tuturus
800 217 875 275 sec.
898 216 978 274 nso.
998 217 1029 274 o.
1050 217 1185 277 tsroout.
1197 209 1340 279 ‘-,runs
1359 202 1381 277 ι’.
1686 220 1740 277 sat

116 339 287 412 criurtemplati
298 347 370 395 sunt.
386 336 525 392 ‘bomine
538 335 599 405 quis
608 335 723 391 credidit
734 333 835 389 auditui
851 346 898 386 uo·
913 332 1081 394 Adesternnt
1095 351 1139 392 nte
1152 336 1227 390 rituli
1241 336 1336 394 multi:
1356 334 1425 391 trusi
1448 333 1557 405 pingues
1576 336 1742 400 obsederunt

116 442 172 487 stro
188 440 231 486 :et
241 429 376 484 bracbium
392 423 496 479 llomini
510 423 553 480 cni
566 424 713 480 revelatum
733 422 792 479 enti
807 422 839 477 Et
858 436 901 476 as·
952 436 1005 478 rue.
1027 424 1279 495 7.Aperuerontiu
1291 440 1333 481 me
1345 440 1463 479 ossuum
1482 426 1552 481 sicut
1570 426 1613 482 leo
1633 430 1742 496 rapiens

116 522 210 576 condet
222 519 291 572 siout
301 514 440 584 virgultum
450 526 540 567 coram
554 528 607 567 eo:
633 520 661 568 et
678 513 747 568 siout
769 510 844 568 radix
867 508 902 566 tle
952 524 980 568 et
992 512 1111 586 rugium.
1132 513 1258 586 p.Sicut
1271 531 1338 586 aqua
1353 517 1452 572 eliciens
1473 532 1531 571 sum
1546 536 1553 571 :
1570 529 1598 573 et
1616 519 1741 591 dispersa

117 617 187 664 terra
202 605 310 661 sitienti.
331 603 389 658 Nou
400 610 440 658 est
454 602 557 672 species
567 602 592 658 ei
607 617 615 656 ι
631 617 681 658 uec
695 601 786 657 decor.
811 600 845 656 Et
863 598 903 655 ri·
952 611 1014 657 sunt
1026 603 1115 658 omnia
1129 617 1188 659 ossa
1203 618 1272 659 mea.
1284 603 1359 659 biert
1370 603 1508 660 Prostirer.
1521 600 1665 663 Silentium
1677 609 1742 666 luei-

117 699 206 753 dimus
217 711 298 752 eum:
313 703 341 751 ct
351 708 403 750 nou
415 701 474 750 erat
484 702 629 762 aspectus:
649 701 677 748 et
691 692 903 749 desideravimus
953 697 990 745 te.
1011 688 1050 759 i.
1065 689 1175 747 Factum
1189 702 1231 748 est
1242 706 1386 748 cormeum
1406 702 1538 761 tamquam
1556 710 1618 752 cera
1642 695 1741 769 liques·

116 803 178 843 eunt
192 787 401 856 despectum:et
416 780 731 847 norissimumvirornm.
751 780 903 838 limmtlo-
952 795 1017 837 cens
1031 781 1058 835 in
1079 782 1167 839 medio
1186 784 1287 841 ventris
1307 785 1370 839 mei.
1397 786 1435 854 i.
1454 786 1562 842 unsrun
1581 789 1650 844 sicut
1672 799 1741 847 testa

118 881 203 935 torum
217 888 246 934 et
268 877 396 934 scientem
411 875 593 932 infirmitatem
609 884 656 930 :et
668 875 744 944 quasi
762 871 904 929 abscondi·
953 869 1039 925 uirtus
1054 886 1112 926 mea
1126 889 1133 926 :
1148 882 1175 927 et
1189 873 1278 943 lingua
1292 887 1351 929 mea
1362 874 1466 928 adirent
1479 875 1599 932 lancibus
1608 879 1676 934 tucis
1692 899 1699 934 :
1713 892 1742 935 et

119 978 162 1025 tus
174 969 263 1024 vultus
276 967 369 1037 eiuset
381 966 542 1036 despectus:
562 966 632 1020 unde
652 978 704 1020 nec
720 962 904 1031 reputavimus
953 958 979 1013 in
991 959 1126 1028 pnlrerem
1136 959 1368 1019 mortiideduristi
1378 979 1431 1019 me.
1445 964 1464 1034 i
1476 1002 1483 1018 .
1493 966 1624 1031 Quoniam
1633 971 1743 1026 circum·

118 1070 189 1111 cum.
201 1056 268 1110 lere
281 1054 421 1124 languores
432 1062 538 1109 nostros
549 1051 606 1122 ipse
620 1052 731 1108 tutitzet
741 1050 847 1105 dolores
856 1065 904 1104 uo·
952 1049 1087 1106 dederunt
1104 1066 1147 1107 me
1161 1067 1242 1107 canes
1257 1053 1332 1108 multi
1350 1073 1355 1107 :
1371 1054 1513 1111 concilium
1533 1057 1738 1127 malignantium

118 1155 190 1201 sires
202 1146 259 1214 ipse
270 1145 394 1216 portavit.
406 1144 486 1214 160
497 1141 741 1211 Etnosputavimus
752 1152 813 1196 euru
827 1137 902 1208 quasi
954 1139 1057 1195 obsedit
1070 1155 1124 1196 roe.
1141 1139 1216 1195 Dicor
1231 1138 1370 1198 Pieriiter.
1381 1144 1522 1201 Silentium
1535 1147 1622 1204 lacite.
1640 1151 1740 1219 §.lio-

120 1233 253 1303 leprosum
270 1249 278 1285 z
293 1240 321 1286 et
335 1245 489 1301 percussum
504 1245 519 1284 a
532 1229 587 1284 lieo
606 1239 633 1284 et
647 1228 824 1284 humiliatum.
846 1227 904 1298 lpse
952 1226 1048 1282 derunt
1060 1244 1154 1282 manus
1169 1241 1281 1285 mearet
1295 1232 1461 1300 pedermeos
1484 1253 1490 1287 :
1506 1237 1742 1297 dinumeraverunt

120 1334 206 1379 autem
220 1324 373 1378 vulneratus
387 1332 427 1378 est
441 1330 549 1391 propter
570 1321 721 1390 iniquitates
735 1327 860 1376 nostras:
876 1329 905 1375 et
953 1319 1044 1370 omnia
1063 1330 1124 1373 ossa
1140 1333 1209 1373 ntea.
1235 1321 1272 1388 b.
1296 1320 1349 1389 ipsi
1374 1336 1437 1377 vero
1459 1326 1695 1386 consideraverunt
1715 1344 1743 1390 ap

120 1416 228 1470 attritus
240 1425 281 1471 ert
297 1422 404 1484 propter
419 1412 519 1468 scelera
544 1424 646 1467 nostra.
669 1410 810 1479 Disciplina
831 1409 904 1480 pacis
952 1415 1148 1476 conspexerint
1159 1422 1201 1464 me
1214 1425 1220 1461 :
1233 1408 1381 1465 diviserunt
1393 1410 1443 1465 sibi
1453 1415 1608 1469 uestimento
1623 1434 1682 1473 mea
1697 1433 1742 1478 :et

122 1513 304 1574 nostresuper
316 1518 377 1559 eum
395 1513 437 1558 :et
454 1502 537 1556 liuore
549 1500 703 1571 c'gussauati
719 1514 822 1555 eortius.
837 1499 903 1555 0m·
953 1512 1035 1566 snper
1046 1508 1146 1554 vestem
1162 1515 1247 1555 meam
1261 1502 1389 1557 iniscrnut
1401 1486 1513 1561 sortem.
1538 1509 1576 1577 i.
1592 1509 1633 1564 Tu
1650 1522 1739 1570 autem

121 1609 170 1650 nes
184 1609 233 1649 nos
246 1593 320 1664 quasi
336 1607 400 1647 ores
411 1592 579 1646 erravimus:
595 1591 778 1662 uuusquisque
793 1590 820 1644 in
832 1589 901 1644 viaru
952 1588 1066 1646 bomine
1077 1605 1110 1646 ne
1123 1590 1288 1661 elongaveris
1301 1593 1426 1650 auxilium
1441 1607 1514 1651 tuum
1529 1613 1544 1653 a
1565 1617 1608 1655 me
1623 1620 1629 1654 z
1644 1603 1677 1658 ad
1693 1605 1741 1661 de·

124 1700 200 1741 suam
213 1684 356 1741 declinavit
370 1691 417 1736 :et
431 1681 558 1736 bouninos
571 1680 658 1750 posuit
678 1680 704 1734 in
726 1693 760 1734 eo
779 1678 905 1749 irtiqnita·
923 1667 944 1727 Β
957 1676 1103 1734 tensionem
1114 1694 1199 1735 meam
1216 1683 1285 1736 bens
1298 1698 1371 1740 meus
1385 1686 1498 1754 respice.
1512 1686 1584 1741 Dicat
1597 1687 1739 1751 presbiter.

126 1787 167 1831 tes
176 1778 293 1831 omniurn
302 1784 463 1829 nostrorum.
472 1770 583 1827 Oblatus
592 1780 635 1826 est
646 1770 723 1840 :quia
735 1771 791 1839 ipse
801 1768 883 1823 soluit
897 1785 905 1826 ι
956 1767 1094 1823 Silentium
1108 1768 1197 1826 iacite.
1220 1772 1257 1841 7.
1272 1773 1349 1843 Eripe
1359 1790 1374 1828 a
1383 1775 1480 1831 tramea
1494 1779 1610 1835 animam
1631 1797 1718 1837 rneam
1732 1801 1739 1838 :

122 1878 150 1925 et
162 1866 328 1939 nouaperuit
341 1879 372 1920 os
382 1880 470 1921 suurn.
485 1864 559 1919 Sicut
572 1864 630 1918 oris
639 1862 672 1917 ad
686 1863 848 1918 occisionem
858 1860 908 1915 du·
956 1858 1029 1917 etde
1041 1875 1120 1917 mann
1133 1864 1206 1917 cunis
1219 1866 1323 1919 urticam
1337 1880 1432 1921 meam.
1462 1869 1499 1937 i.
1516 1868 1610 1924 libera
1632 1887 1676 1927 une
1691 1872 1742 1927 bo·

121 1966 197 2014 cetur
208 1975 215 2010 ε
226 1965 254 2013 et
266 1955 341 2027 quasi
352 1970 435 2026 agnus
445 1968 534 2008 coram
547 1953 673 2007 tondente
682 1965 712 2007 se
721 1951 904 2006 obmutescet:
955 1950 1029 2007 mine
1042 1951 1075 2005 de
1088 1965 1135 2006 ore
1146 1952 1247 2007 leonis:
1263 1961 1314 2008 eta
1326 1957 1450 2010 cornibus
1464 1959 1629 2014 unicornium
1654 1961 1741 2017 burni-

122 2048 156 2101 Ει
169 2062 222 2102 non
234 2045 335 2115 aperiet
349 2058 380 2098 os
389 2058 478 2099 snum.
506 2043 544 2098 be
565 2045 684 2112 angustia
708 2054 735 2097 et
757 2041 791 2096 ds
807 2039 907 2111 judicio
957 2039 1057 2095 litatem
1072 2055 1168 2095 meam.
1193 2043 1232 2111 i.
1252 2041 1370 2097 Narrabo
1394 2060 1490 2101 nomen
1517 2057 1590 2102 tuum
1613 2048 1741 2109 iratribus

121 2137 242 2193 sublatur
256 2146 298 2191 cst
314 2133 534 2207 :generationem
553 2142 641 2189 autem
656 2133 714 2203 ejus
730 2133 790 2203 quis
800 2146 907 2187 eruarra-
957 2132 1023 2186 meis
1040 2150 1046 2185 :
1064 2133 1090 2184 in
1106 2134 1194 2186 medio
1208 2135 1321 2190 ecclesie
1335 2135 1447 2190 laurilabn
1460 2148 1486 2192 te
1500 2137 1611 2195 bomine

122 2229 177 2285 biti
188 2228 250 2298 quia
268 2227 401 2283 abscissus
414 2235 455 2281 cst
474 2226 508 2281 de
526 2234 598 2281 terra
619 2224 771 2280 uiuentium.
796 2223 908 2291 Propter
991 2220 1067 2274 Dicat
1082 2222 1219 2277 Presbiter.
1234 2224 1373 2279 Silentium
1390 2225 1476 2281 [acite.

122 2321 211 2378 scelus
226 2319 315 2390 populi
327 2319 379 2375 mci
402 2317 518 2389 percussi
528 2330 589 2372 eum
603 2332 611 2370 ε
626 2324 653 2371 et
663 2314 736 2370 debit
750 2315 845 2384 impios
860 2329 907 2383 pro
956 2310 1093 2382 Sequentia
1105 2312 1218 2386 Epistola
1233 2314 1308 2370 Ponti
1320 2316 1434 2387 Apostoli
1452 2319 1485 2371 od
1500 2319 1663 2378 Clrorimlrior
1673 2322 1712 2397 (l,
1727 2333 1741 2365 ⁸

121 2411 257 2480 sepultura
269 2422 336 2464 sua:
353 2418 380 2463 et
403 2406 500 2462 divites
520 2419 569 2476 pro
587 2414 673 2461 morte
690 2419 749 2458 sura.
775 2402 814 2457 uo
835 2400 907 2473 quod
1250 2405 1313 2478 Cap.
1333 2407 1364 2475 V,
1385 2407 1448 2476 Vl).

120 2496 285 2566 iniquitatem
301 2510 355 2551 nou
373 2496 487 2552 lecerit:
512 2508 599 2565 neque
612 2493 690 2550 dolus
708 2492 787 2547 luerit
810 2491 836 2546 iu
859 2503 908 2547 ors
998 2492 1036 2563 ui.
1051 2495 1107 2549 beo
1121 2494 1229 2563 gratias.

116 2587 189 2658 ejus.
206 2587 378 2643 Etbominus
391 2587 476 2644 voluit
495 2597 634 2644 conterere
649 2599 710 2641 cum
725 2586 751 2640 io
766 2584 907 2642 iollrmita·
992 2583 1108 2639 Fratres.
1117 2582 1175 2637 lion
1198 2590 1240 2638 est
1264 2584 1332 2639 bona
1356 2585 1478 2656 gloriatio
1503 2598 1604 2645 restra.
1627 2590 1743 2650 Nescitis

120 2687 158 2733 te.
172 2676 201 2734 Si
214 2676 332 2748 posuerit
355 2692 403 2747 pro
421 2688 529 2746 peccato
552 2676 668 2732 animam
687 2689 782 2733 tuam:
807 2674 907 2731 uidebit
956 2672 1017 2743 qnia
1029 2672 1161 2728 modicum
1176 2671 1333 2729 termentum
1352 2683 1434 2731 totam
1450 2691 1564 2733 massam
1577 2685 1743 2754 corrumpit!

120 2782 212 2824 serueu
226 2770 366 2838 longevum
380 2783 389 2823 ι
403 2775 431 2823 et
448 2768 570 2823 voluntas
585 2767 689 2822 bomini
702 2766 729 2822 in
744 2781 824 2822 manu
847 2765 906 2837 ejus
956 2766 1107 2836 Expurgate
1120 2774 1196 2823 vetus
1218 2765 1398 2824 termentum:
1414 2779 1443 2826 ut
1456 2771 1514 2828 sitis
1528 2787 1597 2829 nora
1612 2789 1742 2847 consper-

118 2857 255 2929 dirigetor.
273 2856 325 2912 Pro
338 2871 371 2913 eo
384 2857 455 2928 quod
469 2856 599 2912 laborauit
619 2857 709 2911 anima
725 2856 782 2927 ejus
797 2873 805 2911 :
830 2857 906 2912 vioe-
954 2857 996 2913 sio
1009 2858 1080 2913 sicut
1092 2858 1157 2913 estis
1168 2858 1258 2914 animi.
1273 2856 1378 2916 Etenim
1396 2862 1493 2932 pascha
1508 2875 1630 2923 nostrum
1645 2867 1743 2924 immo·

119 2946 158 3003 bit
171 2957 198 3004 et
211 2947 384 3004 saturabitur.
409 2947 438 3003 ln
461 2948 574 3005 scientia
597 2961 644 3003 sua
665 2945 824 3018 justitlcabit
847 2945 905 3015 ipse
955 2946 1071 3002 latusest
1082 2946 1201 3003 chritus.
1217 2948 1307 3019 ltaque
1319 2952 1465 3020 epulemur.
1481 2953 1538 3010 Non
1561 2956 1588 3010 in
1611 2955 1745 3016 tenueris

116 3040 203 3107 justus
216 3051 310 3094 servan
320 3052 396 3093 meus
410 3037 508 3094 multos
522 3055 529 3094 :
544 3047 572 3094 et
583 3038 735 3109 iniquitates
755 3051 848 3094 eorum
862 3038 902 3105 ip-
918 3004 941 3068 G
956 3040 1060 3095 veteri:
1082 3054 1168 3110 neque
1182 3041 1208 3096 in
1224 3038 1354 3098 termento
1369 3043 1473 3102 malicie
1486 3055 1513 3101 et
1528 3051 1652 3117 nequicie
1667 3068 1675 3103 :
1696 3051 1743 3107 aed

115 3127 283 3199 reportabit.
298 3128 359 3183 ideo
372 3126 385 3166 l
399 3128 512 3199 dispersi
526 3127 560 3183 ab
573 3129 613 3184 eis
627 3128 776 3199 plurimos:
793 3127 902 3183 lortiuur
954 3127 981 3182 iu
994 3127 1086 3183 azimis
1096 3126 1255 3185 sinceritatis
1266 3139 1292 3185 et
1307 3129 1539 3203 ueritatis.Scripsi
1550 3135 1627 3190 robis
1641 3136 1668 3190 ln
1681 3136 1743 3207 Epi·

116 3218 219 3275 dividet
232 3219 327 3290 spolia.
344 3219 395 3274 l‘ro
409 3234 442 3274 eo
452 3218 522 3291 qood
537 3219 647 3274 tradidit
661 3229 777 3274 mortem
786 3217 903 3272 animam
954 3220 1020 3276 stola
1030 3238 1036 3274 ε
1045 3235 1077 3275 ue
1083 3219 1306 3276 commisceamini
1314 3221 1531 3278 fornicariisllon
1539 3225 1630 3296 itaque
1636 3226 1745 3284 fornice

117 3324 194 3366 suam
206 3328 214 3370 ι
225 3321 252 3366 et
266 3326 326 3367 cum
338 3310 476 3366 sceleratis
488 3309 630 3379 deputatus
644 3319 695 3367 est.
712 3309 745 3364 Et
765 3309 823 3379 ipse
840 3323 904 3378 pec·
954 3309 1003 3364 riis
1017 3308 1095 3379 hujus
1109 3309 1213 3363 minudi:
1225 3319 1269 3364 aut
1278 3311 1365 3366 auaris
1374 3321 1432 3365 :aut
1446 3312 1603 3381 rapacibus:
1614 3317 1744 3372 rutidotis

118 3409 177 3456 cata
190 3401 334 3456 multorum
345 3400 404 3456 tulit
421 3416 429 3456 ι
444 3409 472 3455 et
483 3415 531 3470 pro
554 3398 797 3471 transgressoribus
819 3413 899 3468 rogu-
954 3398 1142 3454 seruientibus.
1157 3397 1280 3469 Alioquin
1292 3399 1419 3455 debuerat
1432 3392 1529 3459 deboc
1545 3402 1647 3459 mundo
1661 3408 1741 3461 exire.

119 3491 165 3547 rit.
187 3491 224 3562 ti.
240 3492 338 3548 Amen.
351 3491 447 3547 Deinde
460 3496 678 3547 ansidetcontor
694 3507 753 3546 rum
775 3491 851 3546 sociis
870 3489 905 3544 ed
955 3487 1030 3544 Nunc
1043 3498 1131 3543 autem
1142 3485 1236 3555 scripsi
1253 3487 1327 3543 vobis
1342 3508 1348 3543 :
1365 3491 1442 3561 109
1454 3506 1505 3544 uon
1526 3493 1742 3550 cornmisceri.Si

119 3580 211 3637 utica:
229 3589 253 3635 et
274 3581 336 3635 dicit
355 3581 493 3653 sinqutnris
513 3581 580 3634 benc
600 3580 735 3653 proloquor
756 3594 826 3634 nore.
842 3579 906 3634 Ero
955 3578 1035 3649 isqui
1052 3578 1132 3634 trater
1148 3579 1353 3635 nominatusest
1378 3583 1546 3636 tornicator:
1569 3592 1617 3637 aut
1632 3598 1739 3639 auarus:

117 3670 287 3740 susceptione
310 3671 439 3726 matutina
478 3672 620 3728 vicesimus
645 3671 747 3741 primus
773 3670 801 3726 in
824 3668 905 3726 bnenr
955 3667 1092 3724 antidotis
1102 3669 1293 3725 suvieusaaut
1305 3669 1525 3727 maledicustaut
1545 3671 1741 3728 ebriososzart

118 3760 237 3831 mimus
251 3760 303 3831 ipsi
319 3761 411 3818 bauid.
426 3759 514 3818 Finito
528 3761 616 3817 dicant
638 3762 706 3817 iens
725 3761 851 3833 puina·
865 3770 906 3816 tr·
956 3775 1058 3828 rapax:
1072 3775 1132 3816 cum
1151 3759 1280 3828 eiusmodi
1296 3774 1346 3816 uec
1359 3760 1574 3820 cibumsunterc.
1591 3764 1665 3832 outo
1675 3766 1741 3823 αιιιι

120 3851 233 3907 certitas
246 3853 361 3909 omuibus
371 3854 398 3908 in
408 3853 485 3909 ciero
499 3854 550 3909 duo
572 3854 740 3924 epulones.
757 3853 827 3910 bens
837 3853 906 3910 [teos
955 3851 1020 3906 mibi
1029 3849 1063 3904 de
1072 3849 1167 3920 hirqui
1178 3847 1243 3905 turis
1263 3858 1325 3905 sunt
1340 3851 1476 3919 iudicaret
1491 3852 1585 3908 Nonne
1597 3855 1633 3910 de
1647 3856 1689 3910 bis
1700 3856 1740 3924 qvi

125 3959 201 4000 meus
216 3945 323 4002 intende
334 3946 360 4002 iu
374 3961 417 4002 me
430 3960 513 4014 quare
523 3960 566 4001 ure
578 3942 752 4013 dereliquisti.
774 3944 812 4013 p.
835 3942 906 4000 Lon·
956 3941 1026 3996 intus
1038 3952 1101 3998 sunt
1110 3940 1303 4006 rrrsjudicatisl
1316 3941 1380 3997 llam
1391 3945 1489 4013 eosqui
1500 3942 1566 4001 ioris
1577 3954 1661 4001 sum*¹
1677 3946 1742 4003 ben

122 4047 183 4105 gea
197 4033 353 4092 salutetuea
368 4028 449 4092 rerba
461 4036 617 4092 delirorum
632 4049 763 4091 meorum.
785 4033 905 4105 Mirus
953 4033 1093 4103 judicabit.
1106 4030 1216 4089 Auferte
1224 4033 1322 4088 malum
1331 4049 1365 4089 er
1376 4033 1452 4089 robis
1463 4035 1535 4104 ipsit.
1550 4036 1641 4092 Audet
1651 4036 1741 4108 aliquis

121 4126 327 4182 nieusclamabo
343 4141 390 4196 per
404 4126 474 4184 diem
490 4143 499 4183 a
522 4142 571 4183 nec
590 4126 741 4183 exaudies:
762 4134 789 4181 et
805 4133 904 4185 nocte:
956 4136 1073 4180 restrum
1093 4125 1194 4181 babens
1212 4125 1344 4194 nmotium
1356 4124 1483 4180 aduersus
1502 4127 1617 4180 atterum
1633 4127 1744 4196 iudicari

118 4223 145 4270 et
160 4229 212 4270 uon
223 4215 256 4271 ad
272 4216 448 4287 insipientiam
465 4217 539 4273 mibi.
555 4215 629 4272 biert
643 4213 805 4271 dl’reriiter.
817 4215 905 4272 Silen-
954 4215 1025 4287 apud
1038 4215 1160 4284 iniquos:
1175 4225 1201 4271 et
1215 4230 1268 4270 non
1277 4215 1347 4285 apnd
1360 4216 1483 4270 sauctost
1498 4217 1537 4270 dn
1552 4218 1665 4272 nescitis
1678 4232 1742 4286 qur-

118 4305 183 4360 tlum
194 4306 281 4360 lacite'.
299 4306 338 4376 i.
355 4307 409 4378 Ego
419 4315 507 4363 autem
518 4320 577 4362 sum
589 4305 724 4363 rermiset
735 4318 788 4360 non
799 4304 901 4362 borno:
919 4302 1027 4405 lim
1040 4305 1125 4361 sancti
1147 4306 1181 4362 de
1195 4307 1246 4361 boc
1257 4305 1356 4362 mundo
1367 4306 1523 4375 judicabunt
1537 4323 1546 4361 s
1561 4309 1624 4365 etsi
1638 4323 1654 4363 a
1668 4308 1741 4365 robis

117 4395 275 4466 opprobium
290 4397 427 4453 bominum
442 4396 598 4467 etabiectio
621 4395 716 4468 piebis.
746 4396 784 4466 p.
806 4395 906 4452 Omnes
954 4396 1116 4469 iudicabitur
1130 4397 1245 4452 mundns
1260 4413 1268 4452 :
1283 4397 1383 4469 indigui
1395 4399 1460 4453 estis
1468 4399 1514 4467 qnl
1527 4398 1563 4454 de
1577 4398 1744 4470 minimisjs·

117 4487 164 4557 qui
176 4486 301 4543 ridebant
311 4503 354 4543 me
367 4487 548 4544 subsanabant
561 4502 614 4560 ⁴rue
629 4505 638 4544 :
652 4488 731 4544 locuti
744 4498 807 4544 rum
829 4486 906 4544 labiis
957 4485 1070 4544 dicetis?
1079 4485 1193 4541 Nescitis
1200 4488 1325 4556 qnoniam
1335 4486 1632 4557 angelosjndicablmus
1644 4506 1652 4545 r
1663 4506 1744 4560 qnan-

118 4585 146 4632 et
161 4586 303 4635 moverunt
314 4589 403 4652 capnt.
426 4581 464 4650 p.
480 4580 603 4652 sperarit
624 4583 652 4637 in
676 4580 789 4636 bomlno
808 4579 906 4650 eripiat
957 4585 984 4631 to
995 4575 1080 4647 nagis
1092 4576 1241 4631 secularia?
1252 4576 1387 4633 secularia
1398 4576 1585 4648 igituriutllcia
1600 4580 1624 4634 si
1646 4578 1743 4636 babue-

119 4683 180 4724 eum
193 4684 201 4723 a
216 4670 319 4725 salvum
335 4670 415 4726 iaciat
427 4685 488 4727 euru
508 4669 634 4742 quonlam
653 4670 710 4726 uult
728 4684 800 4726 eum.
827 4669 904 4724 biert
956 4665 1015 4723 ritis
1029 4683 1037 4724 t
1053 4665 1238 4723 contentibiles
1247 4664 1291 4736 qui
1306 4673 1368 4720 sunt
1381 4665 1409 4720 in
1423 4665 1535 4721 ecclesia
1547 4680 1555 4720 ι
1566 4667 1631 4720 illos
1644 4667 1744 4723 consu·

120 4756 258 4814 Presiiter.
273 4760 416 4817 Silentium
428 4760 516 4816 tacite.
546 4760 584 4830 ti.
605 4760 737 4828 Quoniam
755 4771 784 4816 tu
805 4774 835 4815 es
856 4759 904 4830 qui
956 4756 1022 4815 tulte
1035 4758 1070 4814 ad
1082 4758 1263 4829 judicandum.
1280 4758 1319 4812 Ad
1334 4756 1519 4812 verecundiam
1543 4766 1663 4813 vestram
1675 4759 1743 4814 dieo.

119 4848 235 4902 cdrrxisti
250 4865 293 4905 me
307 4850 443 4906 devenire
456 4866 465 4906 a
476 4866 538 4922 sper
549 4866 608 4906 mea
618 4852 653 4906 ab
673 4852 798 4907 uberibus
811 4851 910 4918 matris¹
955 4849 1000 4908 Sic
1015 4864 1067 4906 non
1080 4859 1121 4906 est
1132 4849 1203 4911 inter
1213 4862 1259 4904 ros
1273 4849 1544 4918 umerisquisquam:
1560 4849 1606 4917 qui
1618 4848 1745 4918 possitis·

118 4958 188 5000 nice.
208 4944 287 5014 Νη
302 4952 328 5000 te
339 4944 454 5016 iactatus
467 4961 527 5002 sum
541 4962 575 5002 er
589 4958 665 5003 utero
686 4949 719 5001 de
733 4956 827 5002 uentre
844 4959 903 5001 ma·
954 4941 1045 4997 dicare
1059 4943 1128 4997 inter
1137 4942 1246 4996 tratrem
1256 4955 1332 4996 suom
1342 4940 1403 4995 :sed
1416 4937 1497 4995 irater
1508 4954 1569 4994 cum
1585 4938 1670 4997 tratre
1677 4940 1745 5010 iudi·

119 5035 167 5091 tris
179 5048 260 5091 meet
275 5034 345 5090 bcus
367 5050 443 5092 mens
464 5050 496 5093 es
515 5046 542 5093 tu
557 5051 591 5093 ne
608 5037 761 5094 discedasa
780 5051 834 5092 me.
864 5037 903 5107 p.
954 5031 1162 5087 cioeoutemlit:
1178 5030 1270 5086 etboc
1293 5030 1363 5095 apud
1392 5029 1528 5083 inbdetest
1553 5028 1616 5084 lam
1637 5033 1744 5102 quiden

118 5123 248 5191 ollonium
264 5123 399 5181 tribulatio
413 5134 453 5180 est
466 5128 605 5194 pronora:
621 5137 649 5181 et
670 5141 722 5182 non
737 5127 834 5194 estqui
853 5126 904 5179 ad·
955 5123 1063 5177 omniuo
1074 5121 1199 5177 delictum
1209 5131 1249 5177 est
1271 5121 1298 5175 in
1319 5120 1414 5175 uobis:
1433 5118 1504 5190 qood
1520 5117 1624 5187 iudicia
1645 5122 1744 5176 bareis

116 5215 201 5283 iuret.
218 5214 436 5273 liieotPreabiter.
454 5216 595 5274 Silentium
609 5216 697 5273 tacite.
729 5217 765 5282 i.
780 5215 902 5271 Circum·
955 5213 1025 5270 inter
1035 5228 1088 5270 ros.
1103 5214 1191 5281 anre
1202 5228 1255 5268 non
1269 5211 1354 5284 magis
1370 5211 1493 5280 injuriam
1508 5210 1648 5280 aecipitisi
1661 5213 1743 5281 Quare

154 5384 166 5413 ·
182 5375 299 5431 licinium.
315 5376 352 5429 lta
368 5376 449 5432 Lxx.
466 5377 492 5430 lu
509 5376 619 5447 Vulgata
636 5389 686 5429 non
703 5376 807 5446 legitur.
957 5389 1038 5443 porro
1051 5374 1180 5428 silentiose
1193 5380 1247 5426 tam
1261 5383 1333 5438 sape
1350 5368 1402 5425 buc
1420 5369 1480 5425 loco
1498 5369 1628 5427 indicitur
1641 5370 1677 5426 ob
1694 5370 1743 5426 sir·

155 5454 168 5484 ι
184 5445 298 5510 bispersi
311 5447 342 5500 rt
356 5449 402 5500 eir.
419 5446 506 5516 iulg..
521 5447 550 5500 di
563 5447 669 5515 portion
683 5446 729 5501 eir.
957 5445 1046 5512 grultus
1058 5457 1081 5498 et
1097 5442 1173 5497 betur
1184 5440 1370 5519 penitentum,
1389 5447 1416 5493 et
1437 5441 1519 5496 totius
1537 5443 1632 5512 populi
1644 5442 1744 5497 mrsu

156 5521 168 5553 ⁸
186 5509 332 5570 Psallerrdo.
350 5515 394 5569 l's.
409 5531 466 5570 ιιι.
957 5513 1070 5569 bonnm
1082 5528 1134 5566 suo
1146 5511 1368 5564 commiserantis.

153 5578 320 5639 tersorio.
342 5585 411 5640 01iru
433 5587 561 5643 diaconus
582 5584 717 5641 silentium
741 5584 872 5640 indicet-m
892 5601 899 5637 τ
992 5582 1082 5652 ‘an
1102 5580 1133 5636 l.
1151 5579 1226 5636 Vere.
1242 5576 1323 5647 (imur,
1340 5574 1414 5632 t·t2.
