3794 6106
81 281 129 342 833
442 268 588 337 illesam:
608 263 746 333 tttltttill
767 272 843 331 SEC.
864 264 945 327 NEC.
968 269 998 324 ll.
1019 260 1154 325 tstbdtit.
1176 264 1316 322 —nntts
1348 265 1367 321 l.
1667 262 1721 317 eit

81 409 137 451 runa
150 412 159 448 a
173 393 269 450 ‘l'buaa
285 401 314 450 et
338 391 474 449 ilirrbam.
506 391 539 445 lit
560 402 691 459 responso
710 391 824 453 accepto
847 380 874 437 in
889 385 913 443 ll
927 379 1075 438 salvatoris
1084 377 1325 448 Redempturisnue
1339 377 1422 433 nostri
1437 375 1576 431 clamitatis
1589 377 1722 431 excitetur

81 485 202 543 vuatrtis:
218 497 253 539 ne
276 483 397 539 redirent
421 480 455 535 ad
479 479 612 537 Herodem
626 495 632 532 :
648 492 698 547 per
710 476 789 532 aliana
803 473 876 528 riam
926 472 1056 530 uilleium.
1070 471 1135 541 Spei
1148 481 1262 543 ponatur
1275 473 1412 544 integritas
1425 469 1506 530 addai
1515 480 1613 541 ,surgat
1626 470 1720 532 devota

82 577 184 635 reversi
207 585 271 631 sunt
295 576 322 631 iu
345 574 485 646 regionem
500 588 587 629 suam.
609 572 661 640 otti
675 587 736 627 eum
751 569 878 627 recessis-
927 563 1071 631 conletsiu.
1082 562 1133 631 Qui
1144 562 1221 618 uobis
1233 576 1280 631 par
1294 563 1373 618 istam
1388 578 1464 618 suam
1485 572 1648 632 eassrunpte
1662 579 1721 619 naa·

81 679 141 726 seut
157 686 165 722 ε
181 682 246 724 ecee
259 666 371 738 augelus
397 664 501 722 bomiri
525 664 648 734 apparuit
665 656 698 717 lu
717 661 820 717 somnia
832 659 879 715 lo·
929 652 1004 709 trisi
1021 654 1186 709 nativitatem
1203 653 1297 708 :iiiam
1309 652 1514 725 ingenitipvtris
1534 653 1659 722 dignatus
1681 664 1724 710 eat

68 760 147 830 rseplt
170 760 273 815 dicens.
295 758 381 829 Sarga
404 765 432 814 et
456 759 549 826 accipe
577 768 689 826 puerrrrn
713 759 742 810 et
764 763 877 809 matrem
928 745 1078 818 signiticare
1092 743 1306 810 autumantium
1322 745 1431 799 verboru
1454 760 1517 798 caro
1540 743 1640 802 iactum
1660 748 1723 802 larda

66 834 139 923 'dus
153 859 183 908 et
196 852 260 921 inge
275 850 303 905 in
320 850 452 922 egyptum
466 866 473 902 :
488 857 517 905 et
529 856 590 903 estu
608 846 645 902 lbi
660 845 822 916 usquedum
837 844 879 899 (tt.
929 835 956 890 in
968 835 1131 906 agnitionem
1146 834 1195 891 liei
1207 837 1294 892 ionum
1305 836 1488 906 generationis
1497 838 1633 894 ostendit:
1651 839 1723 896 uuile

81 958 141 999 eant
168 942 227 997 tibi.
252 937 381 996 vatorum
410 948 453 996 est
475 937 567 995 aalma
589 935 761 993 cellerariae
785 942 880 1008 querat
929 926 957 982 iu
972 924 1102 996 virginem
1128 925 1232 980 initiunt
1245 926 1355 995 originis
1367 925 1523 981 introdusit.
1545 927 1581 981 En
1600 928 1723 984 Citristus

82 1048 196 1106 penum
212 1024 512 1101 supersapientem,
532 1028 583 1097 Qut
599 1036 763 1099 consurgens
776 1026 881 1096 mpii
931 1013 1053 1084 proditus
1068 1010 1186 1070 virtute:
1200 1028 1250 1084 uua
1261 1013 1379 1084 pertitus.
1402 1029 1526 1086 trusoque
1546 1014 1636 1072 sidere
1649 1017 1726 1072 daret

87 1139 200 1198 puerum
214 1131 242 1180 et
257 1130 371 1177 meinent
387 1121 446 1191 eins
459 1123 539 1175 nnete
556 1138 563 1173 ι
583 1125 611 1174 et
625 1117 736 1173 veeessit
749 1117 776 1172 iu
791 1114 881 1187 Egyp-
930 1106 1042 1163 inlantie
1053 1107 1159 1178 siponto
1176 1123 1184 1159 a
1200 1108 1321 1177 potentie
1347 1107 1525 1164 ministerium
1541 1126 1548 1163 ι
1577 1111 1727 1178 ignorantie

83 1224 150 1271 tvvm.
181 1213 216 1268 lit
243 1223 303 1268 erat
330 1209 388 1266 ibi:
404 1220 489 1280 usque
515 1207 549 1263 ad
571 1207 673 1262 obitum
699 1202 823 1260 Heredis.
846 1198 881 1260 iit
930 1196 1131 1252 documentum.
1156 1196 1189 1251 Et
1202 1196 1247 1266 arui
1260 1203 1358 1253 terratu
1372 1195 1458 1254 iactus
1469 1213 1503 1253 ex
1515 1197 1647 1255 notiore:
1669 1202 1727 1269 lega

84 1303 280 1372 adinipleretur
293 1297 375 1373 ‚quot
402 1297 504 1354 dietum
528 1307 570 1353 eat
592 1310 608 1353 a
631 1294 745 1351 bannim
758 1309 805 1363 per
819 1307 881 1364 pru-
931 1287 1276 1358 panurttiooiainrtseret:
1298 1289 1385 1345 eelttvn
1406 1289 1551 1346 indiscreto
1573 1294 1746 1363 tutrialure'

84 1393 195 1462 pictam
217 1391 364 1447 dicentem.
390 1388 429 1444 Ea
446 1385 656 1462 ngpptorncart
678 1384 763 1441 llilutn
778 1398 879 1441 meum.
932 1379 1065 1436 eniterent
1093 1380 1265 1450 possideret:
1288 1381 1445 1452 Novautque
1474 1383 1625 1440 elementi:
1647 1404 1728 1457 natatu

84 1482 162 1539 ‘lune
186 1481 281 1538 rident
303 1478 442 1537 lictoriae:
457 1479 583 1550 quoniam
597 1478 692 1532 illusus
706 1483 808 1532 esseta
826 1473 883 1529 lla·
932 1479 1073 1528 creaverat
1086 1472 1235 1527 curiatam
1247 1473 1339 1529 babuit
1350 1474 1420 1531 Deus
1433 1475 1461 1530 iu
1483 1478 1582 1534 otiieio.
1601 1482 1729 1548 parvulos

84 1578 147 1649 '3⁹3
163 1579 248 1634 mm
261 1583 304 1635 ω
318 1575 403 1632 valde·
426 1576 460 1631 Et
475 1573 584 1631 mium
598 1572 697 1629 meppie
711 1585 805 1628 amnes
818 1583 883 1640 pue·
933 1563 960 1618 in
977 1561 1150 1618 testitumrio:
1167 1559 1284 1616 mundus
1297 1561 1324 1615 in
1338 1560 1447 1616 nuttciu.
1462 1563 1548 1632 liegea
1560 1567 1587 1616 in
1610 1565 1727 1620 rtriraeu·

85 1684 150 1725 m:
175 1670 221 1739 qui
236 1672 316 1725 mm
336 1667 364 1722 5„
389 1665 527 1722 „enm
539 1681 546 1721 :
560 1674 587 1720 οι
606 1663 633 1718 p„
648 1663 773 1718 ommim,
785 1660 883 1716 anthus
935 1652 979 1708 lu:
995 1663 1116 1722 pastores
1129 1650 1156 1706 in
1169 1651 1277 1721 gaudio.
1294 1649 1433 1706 Gentilitaa
1449 1651 1475 1706 io
1491 1663 1622 1723 stupore:
1638 1655 1729 1709 evenio

85 1758 163 1829 ejtts:
182 1772 198 1812 a
220 1757 324 1814 bimatu
346 1765 375 1812 et
400 1754 490 1811 inita:
516 1753 664 1811 meandum
688 1764 794 1821 tempus
811 1742 884 1820 ioan
900 1751 923 1814 Β
937 1750 997 1806 litas
1012 1750 1039 1806 iu
1050 1759 1181 1806 monerer
1196 1747 1341 1804 erudelitas
1351 1748 1378 1803 in
1389 1749 1497 1804 timore.
1508 1747 1536 1804 ln
1548 1747 1598 1805 bae
1612 1759 1730 1806 tremue-

85 1847 281 1919 eavptisierata
297 1845 390 1917 llagia.
414 1844 490 1901 'lunc
510 1844 685 1913 adimpletum
698 1851 740 1897 est
753 1839 824 1911 quud
838 1836 881 1893 tii·
934 1840 1079 1911 runtlmpii
1095 1854 1103 1895 ι
1119 1839 1147 1895 iu
1168 1838 1220 1894 bae
1233 1839 1421 1895 exultavemot
1437 1839 1593 1895 eornmuniti
1606 1856 1614 1894 a
1628 1841 1655 1895 in
1680 1843 1731 1898 itae

85 1949 159 1995 etum
173 1946 216 1992 est
230 1951 279 2007 per
301 1932 462 1992 Hieremiam
485 1932 642 2004 propnetam
656 1932 809 1988 dicentem:
826 1926 884 1983 Vos
935 1936 1082 1991 adoravere
1095 1931 1222 2002 rabinati.
1237 1931 1293 1987 liae
1306 1931 1484 1988 inluminante
1495 1933 1542 2002 qui
1566 1932 1654 1989 luerat
1673 1938 1730 1991 sal·

87 2033 113 2087 in
130 2028 216 2085 itanu
222 2027 316 2109 polita
330 2034 372 2083 est
386 2043 393 2080 a
405 2026 523 2097 ploratus
533 2030 561 2081 et
574 2023 692 2078 ululatus
699 2022 797 2077 multus
811 2037 818 2074 a
832 2018 882 2073 lia·
937 2024 1041 2080 raudus
1057 2023 1185 2080 occurrit.
1209 2024 1261 2079 itae
1279 2033 1399 2080 terretrte
1422 2023 1468 2095 qui
1489 2023 1576 2080 luerat
1597 2025 1731 2096 periturns

86 2123 146 2178 ebei
171 2122 280 2193 plorans
304 2121 372 2176 titios
387 2133 471 2175 suos:
488 2128 514 2173 et
540 2117 625 2172 uoluit
648 2112 782 2171 cutrsolari
802 2130 808 2166 :
824 2110 884 2182 qnia
935 2116 1053 2186 expant.
1065 2114 1111 2172 Sic
1125 2115 1184 2172 ecio
1198 2128 1266 2170 nova
1281 2113 1403 2185 lampade
1410 2125 1585 2172 corruscante
1597 2132 1604 2171 a
1617 2127 1646 2174 et
1663 2119 1733 2174 iilo·

79 2231 141 2271 nuo
168 2224 243 2269 suan.
270 2210 403 2268 beluocto
424 2218 513 2265 autem
540 2207 665 2264 llerode:
689 2221 752 2265 eece
775 2205 886 2278 angelon
936 2206 1035 2264 minata
1051 2207 1171 2264 ildescst
1186 2216 1329 2264 :etcecata
1345 2205 1466 2278 pertidia.
1523 2233 1527 2240 ·

88 2303 197 2359 bomini
213 2301 338 2372 apparuit
351 2301 377 2356 in
393 2299 495 2354 soumis
509 2296 610 2367 ivrsepb
623 2296 650 2351 ln
665 2296 770 2367 Egypto
782 2293 885 2349 dmi·
980 2299 1017 2363 ti·
1031 2301 1129 2356 Amen·

91 2393 179 2466 Surge
192 2395 303 2463 :accipe
327 2406 438 2463 puerum
451 2399 480 2446 et
503 2398 614 2445 matrem
638 2387 697 2457 eius
709 2404 716 2442 a
730 2397 759 2442 et
780 2384 847 2440 vade
860 2385 886 2441 iu
974 2394 1032 2450 liic
1047 2395 1147 2450 Oratio.
1168 2393 1293 2463 Densum
1308 2394 1385 2449 nobis
1397 2394 1430 2449 ad
1447 2394 1637 2451 arcuataunos
1656 2395 1734 2452 latita

92 2497 194 2544 terum
217 2485 319 2542 lsrael:
343 2483 462 2541 deiuueti
490 2490 554 2539 sunt
576 2481 648 2537 euim
671 2479 717 2551 qui
739 2476 889 2549 querebant
939 2487 993 2542 vite
1007 2485 1114 2542 iabores
1126 2485 1235 2541 diuersa
1248 2485 1379 2540 donorum
1391 2493 1499 2540 tuorum
1517 2485 1611 2541 solatia
1630 2497 1656 2541 et
1672 2502 1736 2558 gau·

88 2584 208 2636 animam
223 2579 311 2650 pueri.
327 2578 377 2646 Qui
400 2589 584 2646 consurgens:
609 2572 714 2644 aceepit
738 2585 849 2643 puerum
861 2578 890 2627 et
940 2577 982 2633 dia
995 2573 1131 2633 contulisti
1144 2593 1152 2631 :
1164 2574 1261 2645 quibus
1271 2573 1382 2643 insignis
1395 2574 1493 2631 anuuit
1506 2574 1660 2630 recursibus
1676 2576 1736 2632 aliea

88 2680 207 2727 narrem
231 2668 310 2739 ejus:
335 2667 451 2725 eivenit
474 2665 502 2720 ln
528 2674 626 2720 terram
653 2661 745 2717 lsrael.
770 2659 890 2716 Audiens
940 2669 1055 2741 agimus.
1071 2666 1106 2726 tit
1120 2665 1240 2724 Ecclesia
1253 2675 1298 2724 tue
1312 2675 1372 2721 vota
1382 2667 1503 2722 eolertnia
1525 2669 1643 2737 presenti
1660 2667 1738 2725 iesti-

91 2772 184 2816 antem
199 2758 272 2831 quud
288 2758 437 2814 incirciaus
450 2763 576 2829 regnaret
588 2756 614 2810 iu
625 2753 709 2811 iudea
726 2766 774 2824 pro
785 2748 891 2809 llerode
941 2760 1023 2815 vitate
1034 2757 1210 2815 celebremus.
1222 2756 1298 2815 llude
1310 2765 1338 2813 et
1351 2759 1472 2828 proxime
1491 2757 1611 2815 Natalem
1633 2759 1738 2817 burnini

90 2863 169 2925 patae
183 2866 254 2907 auor
270 2848 432 2906 timuitilloc
446 2848 496 2903 ire.
517 2847 550 2902 Et
561 2845 714 2901 adntunitus
728 2843 755 2899 iu
770 2841 889 2898 somatis:
941 2850 1089 2908 &lactaris
1099 2844 1267 2923 perepimnet
1278 2853 1323 2924 utri
1332 2852 1495 2909 nubisnatus
1505 2855 1662 2925 intempore
1674 2867 1735 2912 est:

91 2943 209 3001 necessit
220 2943 250 2999 in
262 2950 351 3010 partes
365 2938 468 2996 Galilee
484 2954 490 2992 :
506 2944 534 2992 et
544 2934 656 2994 venient
673 2933 801 2990 ltabituvit
812 2933 839 2988 iu
852 2931 892 2987 cl·
942 2942 1033 3015 quide
1046 2950 1073 2998 te
1087 2952 1166 2999 natus
1180 2941 1241 2999 siue
1255 2950 1376 3014 tempore
1390 2960 1398 2998 ι
1411 2943 1532 2999 omniurn
1547 2946 1696 3002 seculorum
1711 2956 1740 3003 et

90 3038 177 3093 stuta
188 3048 243 3105 que
264 3041 377 3089 vocatur
399 3028 532 3086 Nazareth
546 3045 554 3083 ε
570 3038 600 3084 ιιι
613 3026 806 3097 adimpleretur
818 3021 891 3096 qnod
944 3043 1094 3104 temporum
1109 3041 1152 3090 est
1165 3042 1357 3091 antecesserat
1367 3035 1501 3092 eorrditor.
1519 3037 1619 3094 Deinde
1640 3039 1738 3097 subse·

90 3129 198 3186 dietata
220 3134 263 3184 eat
287 3138 336 3196 per
359 3124 519 3197 proplietam
534 3138 542 3179 ι
557 3122 685 3196 quoniam
695 3120 832 3177 Natareus
844 3101 930 3177 vec
944 3134 1036 3182 nutum
1050 3125 1121 3182 diern
1136 3123 1351 3183 circumcisionis
1365 3139 1489 3183 octavum
1502 3147 1508 3183 ι
1531 3130 1659 3201 unigeniti
1679 3132 1741 3190 luce

89 3220 208 3279 31,in
228 3218 268 3288 p·
281 3218 379 3274 mn,
945 3215 1079 3288 signatum
1090 3216 1147 3286 pari
1162 3216 1330 3272 observantia
1351 3218 1521 3275 recolentes:
1542 3218 1682 3278 sacriticiis
1696 3236 1742 3278 tu·

130 3322 145 3351 ι
164 3311 268 3369 uadn
283 3309 410 3380 Alleluia.
434 3310 472 3380 y.
491 3306 610 3365 Laudate
629 3306 772 3364 mutinum
798 3303 846 3362 Sul
865 3311 895 3361 et
944 3304 1068 3363 lenuibns
1083 3305 1283 3365 honoravimus.
1297 3308 1352 3380 02
1373 3308 1742 3381 NuncEpipltauiedietnre·

91 3404 171 3460 Luna
186 3401 314 3459 :laudate
326 3415 387 3458 eum
399 3414 492 3457 omnes
504 3400 581 3458 stelle
595 3407 623 3456 et
641 3397 742 3455 lumen.
765 3395 800 3455 P.
818 3396 894 3452 dile·
945 3396 1052 3454 velante
1079 3398 1106 3454 iu
1134 3397 1245 3455 bomine
1269 3398 1408 3456 divinitate
1429 3403 1602 3461 excolimus:
1630 3405 1736 3463 diversa

92 3496 162 3567 hia·
945 3485 1052 3544 Domini
1063 3485 1149 3544 riustri
1158 3487 1222 3544 iesu
1232 3487 1332 3558 Citrlsti
1343 3489 1390 3545 lllil
1402 3491 1438 3547 tui
1452 3493 1479 3547 iu
1490 3492 1542 3550 boe
1553 3497 1739 3554 mundosunnt

129 3586 337 3657 *Sacrificium
356 3585 500 3644 Omnasdn
510 3583 599 3643 Sabba
611 3581 892 3640 veuleutoliereutesa
945 3578 1090 3636 adventum
1103 3578 1301 3636 manifestantia
1315 3581 1429 3655 insignia
1445 3586 1624 3655 predicantes.
1643 3588 1654 3630 ¹
1677 3590 1742 3650 Sive

92 3694 191 3736 „mm
206 3686 234 3736 ,ι
249 3677 311 3733 aaut
325 3687 354 3734 at
370 3677 474 3750 lapidea
489 3676 627 3749 preciosus
639 3675 776 3732 :salutare
788 3672 894 3730 bomini
945 3669 1017 3741 quod
1028 3670 1134 3726 atellana
1149 3680 1225 3728 ortus
1240 3673 1282 3728 aui
1297 3675 1422 3731 nunciam
1438 3678 1540 3736 misite
1563 3680 1641 3738 celo:
1660 3699 1741 3755 quaro

91 3768 433 3841 evaugeliaabantalleluja
446 3768 565 3839 alleluja.
588 3768 626 3838 y.
644 3765 699 3823 Viri
713 3762 812 3823 excelsi
822 3764 855 3821 ad
867 3771 895 3821 te
946 3763 1116 3833 stupentibus
1139 3762 1224 3835 Napis
1247 3781 1332 3837 usqne
1352 3768 1386 3823 ad
1404 3770 1536 3827 cunabula
1557 3787 1605 3831 sue
1625 3777 1743 3834 earnalis

93 3858 249 3915 trandbuut
258 3868 287 3914 et
300 3857 338 3914 tni
352 3865 431 3914 eruut
442 3857 513 3915 servi
527 3857 722 3927 subsequentes
733 3863 760 3911 te
772 3853 894 3925 colligati
945 3848 1056 3908 iniantle
1074 3853 1195 3923 previam
1214 3853 1287 3911 lenit.
1307 3857 1371 3915 Sine
1388 3860 1459 3928 quud
1480 3876 1564 3932 annas
1578 3865 1741 3937 baptismate

93 3949 211 4007 noeatts
224 3948 435 4023 aetadnrabuut
448 3960 485 4005 te.
508 3950 570 4022 quia
595 3949 622 4004 lu
642 3956 668 4005 te
691 3956 734 4004 est
752 3946 842 4004 liena:
867 3954 896 4002 et
945 3957 995 4001 suo
1009 3943 1043 3998 ad
1054 3944 1173 4000 omnium
1187 3947 1305 4015 gentiunt
1318 3948 1479 4008 lavationem
1502 3954 1626 4013 iordanis
1638 3961 1743 4017 alveum

94 4052 188 4114 preter
202 4050 230 4099 te
244 4056 298 4097 nun
312 4048 353 4097 est
367 4039 437 4096 alius
449 4055 458 4097 a
472 4038 640 4096 renoramini
660 4037 749 4094 insule
771 4035 853 4093 lsrael
868 4042 897 4093 et
946 4034 1162 4093 sanctificaturus
1184 4037 1303 4093 intrarit.
1319 4039 1370 4097 ilbi
1385 4041 1472 4111 ipsunt
1484 4058 1545 4101 ese
1567 4047 1651 4104 lilium
1677 4055 1742 4108 urti-

94 4133 239 4194 salvamini
254 4132 395 4189 ailutuiuo
407 4132 434 4188 iu
447 4133 648 4190 salnteeterna.
668 4131 701 4186 l‘.
713 4129 849 4187 salutare.
946 4128 1068 4201 pendium
1083 4128 1211 4186 dilectum
1231 4129 1326 4201 spiritu
1343 4134 1466 4191 columbe
1487 4140 1577 4206 speeie
1597 4143 1743 4209 advolante

132 4224 229 4282 litae.
247 4225 335 4281 (lanua
357 4224 525 4281 dilectissimi
543 4223 641 4280 iratres
661 4223 689 4280 in
714 4222 820 4279 laudem
847 4222 896 4281 liei
948 4221 1128 4280 monstrasti:
1143 4232 1171 4281 et
1187 4232 1298 4294 paterna
1320 4223 1431 4294 insuper
1447 4243 1513 4285 voce
1533 4231 1659 4293 docuisti.
1678 4236 1742 4295 sive

134 4368 149 4397 ¹
165 4359 267 4415 landa.
283 4359 328 4415 Pa.
340 4375 448 4427 cuturn,
462 4363 490 4417 5.
947 4355 1035 4412 dixit:
1048 4354 1197 4421 Demeam,
1211 4353 1297 4426 iuquit
1311 4355 1446 4425 llispaniaa
1455 4359 1559 4429 deame,
1575 4364 1729 4436 Epiphaniae

131 4429 338 4499 „swam
358 4429 433 4485 pm„
444 4446 480 4499 rt,
493 4434 522 4488 p·
906 4429 1032 4522 1)pt·ima
1054 4428 1082 4481 ιἰι
1100 4443 1151 4498 pata
1174 4435 1250 4481 natata
1272 4425 1388 4509 ditrictae
1413 4434 1558 4499 pastoribus
1575 4414 1744 4496 noranta}

134 4511 148 4540 ι
163 4503 311 4568 manupae
323 4501 420 4556 ιιιιιιήι.
437 4501 516 4571 bene,
533 4508 563 4555 ut
577 4501 657 4558 nabet
669 4501 754 4558 endas
767 4501 893 4561 Eminen—
945 4499 1038 4568 ⁰t¹l⁶¹⁰
1048 4499 1181 4552 '‘lilim“
1194 4509 1334 4567 “l’Wl'¹2'
1346 4500 1470 4567 ΨΜ·
1485 4504 1512 4556 '³¹
1523 4522 1574 4573 θ’·
1585 4524 1618 4562 ‘³
1627 4513 1744 4579 lenm

96 4571 193 4627 ammi
205 4572 322 4636 omi,
333 4582 473 4640 mmm
481 4572 577 4630 mag,
946 4567 1048 4638 populis
1059 4568 1133 4623 atella
1144 4567 1228 4621 iudice
1237 4566 1272 4620 ad
1285 4571 1405 4639 praesepia
1414 4574 1539 4628 ennaiaia
1552 4594 1640 4649 mayor
1650 4581 1745 4637 adoru-

133 4638 148 4678 δ
166 4640 342 4697 Nativitatem.
359 4640 444 4695 Etiam
457 4644 483 4696 iu
494 4642 579 4699 Gallia
592 4642 636 4697 die
648 4641 801 4711 tiptntauia
815 4641 894 4699 ctri-
945 4649 1016 4693 llt⁰⁸
1036 4637 1159 4692 “illifi-
1180 4638 1324 4706 “mulque
1346 4640 1415 4696 ¹¹²¹¹⁰
1437 4642 1611 4714 Epffl’l'a‘llin'
1633 4665 1684 4705 ¹¹⁰²
1699 4669 1745 4709 θ’·

95 4713 131 4768 sti
148 4708 317 4766 Nativitatem
335 4709 491 4782 eniienim
509 4715 605 4768 iterum
619 4713 792 4768 celebrabant
803 4713 892 4784 (Nisa.
945 4709 1059 4778 dentque
1071 4708 1213 4763 testivitate
1223 4704 1374 4765 Orientales
1385 4720 1412 4766 et
1422 4710 1538 4784 AEgvptii
1550 4717 1595 4772 dia
1615 4735 1664 4775 tttt
1683 4724 1744 4780 idua

95 4780 172 4838 Gaii.
187 4778 279 4844 Gari..
291 4782 366 4851 praep
378 4782 486 4922 inuigil.
500 4782 617 4907 ldpt'ssbn
630 4794 658 4838 et
668 4785 734 4837 ardu
745 4782 893 4851 Numanus,
947 4779 1064 4836 tarruarii
1079 4779 1141 4833 uiitn
1157 4777 1328 4834 celebrabant
1338 4779 1480 4851 (Cassian,
1495 4788 1555 4842 toli.
1573 4776 1622 4854 tti‚'
1632 4807 1692 4858 up.
1707 4796 1744 4866 ll.

136 4853 143 4864 .
245 4853 250 4864 .
326 4854 341 4865 ..
379 4854 389 4883 ,
523 4857 529 4867 .

95 4851 450 4991 gz'ffitufviwaompilpafellzi.
460 4895 468 4920 ⁹
478 4853 672 4980 &metuitur
684 4925 838 4992 accipienda
852 4932 894 4980 est
948 4933 1049 5003 tantur.
1059 4934 1119 4987 nite
1132 4921 1166 4975 tlt
1182 4920 1258 4975 initio
1271 4931 1413 4991 utrumqne
1428 4927 1497 4982 itane
1508 4928 1678 4988 lestivivatcm
1694 4936 1745 4992 surb

95 4998 225 5118 ¹paernodsselata
238 4989 895 5120 tifnwssffiifivfflimrffleffffrf‘i‘affffimf'
945 4991 1050 5118 ‹tiltssuvut
1073 4989 1130 5045 ilai.
1153 5000 1181 5047 et
1198 5006 1244 5046 ιιιι
1265 4991 1328 5049 ldus
1347 4992 1466 5051 ianuarii
1488 4995 1632 5071 singilatim
1653 5007 1745 5061 cuiue.

496 5081 570 5120 nnana
629 5081 651 5120 ιι
689 5081 773 5129 ,ιι
813 5082 894 5120 ιιι
1013 5100 1021 5116 .

94 5078 284 5205 ιμιιιίἰιῗιὶι
297 5134 448 5189 honoratior
460 5150 537 5206 unam
550 5136 645 5206 primm
661 5136 789 5190 vtitttirutu
798 5135 896 5206 majori
982 5140 995 5170 ⁸
1013 5132 1183 5189 lleoeiaedua.
1197 5132 1267 5203 Lege
1282 5135 1438 5191 releuandos.

94 5218 159 5259 eum
169 5203 340 5261 solemnitate
352 5205 379 5259 in
391 5205 550 5274 uatibusrlam
565 5205 694 5264 Ecclesiit
707 5205 893 5262 celebrabatur
985 5202 994 5242 ¹
1010 5203 1070 5260 Sine
1085 5204 1163 5273 qnod.
1175 5204 1288 5259 Sanetus
1311 5203 1426 5262 isidorus
1445 5204 1533 5279 (Oria.
1546 5210 1590 5265 iil.
1608 5229 1644 5279 vt,
1657 5231 1682 5271 e.
1698 5216 1745 5277 18,

96 5270 259 5345 Epiphania,
273 5289 354 5358 quam
369 5274 467 5330 lestutu
480 5277 579 5331 Natalis
593 5275 707 5344 citrini,
722 5276 785 5344 quia
798 5286 895 5345 praeter
949 5275 1028 5346 ⁰irl0·
1043 5275 1089 5330 iii.
1102 5290 1122 5341 t,
1141 5289 1166 5329 c.
1182 5274 1221 5344 b),
1238 5275 1368 5330 llaximus
1381 5276 1554 5337 laurinensis
1569 5286 1577 5351 t
1590 5282 1670 5341 llaua.
1685 5291 1746 5346 tide

94 5346 217 5400 Natalem
229 5344 342 5415 citrini,
362 5346 388 5401 iu
401 5345 558 5416 Epiphaniae
575 5347 746 5403 tolerrvnitate
765 5345 893 5417 primaque
948 5345 1026 5415 Bapt.
1038 5344 1279 5415 Cirist)‚sauctus
1290 5344 1734 5424 Potruacbryaulnpua(8eraa.t5r

95 5415 150 5471 alia
159 5414 364 5471 nelebnbautur
375 5420 550 5486 mysteriatt
560 5426 668 5473 sauctus
678 5415 794 5473 isidorus
804 5414 892 5488 (unp.
950 5417 1012 5481 ltili,
1024 5416 1096 5471 Edit.
1109 5415 1262 5483 ticinasci-l,
1274 5415 1379 5471 itisaate
1388 5415 1622 5480 Gattonotniauru
1633 5404 1745 5498 (lenitas

570 4856 657 4907 aratam
666 4855 810 4909 meantium
821 4854 896 4921 libri·
948 4850 1076 4906 Attouda
1093 4848 1274 4904 Enc'esiarutn
1288 4852 1439 4908 occidentis
1449 4863 1669 4918 aestuationem
1686 4866 1746 4919 inti·

96 5486 143 5543 tit.
158 5500 184 5566 yn
198 5528 206 5552 ‚
223 5500 282 5555 erp.
293 5482 345 5568 .¹.⁸)
358 5499 452 5541 voeern
470 5486 618 5612 timptatio
636 5503 685 5557 pro
698 5487 815 5543 nutriuit
826 5503 895 5557 prat·
949 5504 979 5543 aa
993 5487 1115 5570 lippe),
1124 5486 1379 5566 &netnstluuliuna
1392 5485 1492 5557 (carna.
1508 5491 1554 5563 t),
1567 5499 1635 5578 peno
1648 5500 1745 5556 tuom.

95 5567 195 5620 aeatva.
207 5567 376 5624 appanuotte
395 5565 423 5612 et
444 5572 515 5612 mam
528 5568 661 5613 estattnne
682 5567 896 5629 usurpaturque
949 5571 1119 5627 annuntiatus
1138 5556 1276 5622 litttnrpn‚
1288 5556 1397 5615 easdam
1417 5574 1512 5619 causas
1528 5567 1745 5636 boptvssolernni·

93 5626 426 5697 amalandensium
445 5628 480 5682 ab
502 5629 655 5684 auctorrbus
675 5625 795 5700 prolenis
817 5644 896 5684 usur·
951 5631 1012 5687 tatis
1026 5626 1193 5685 celebrande
1206 5626 1330 5682 aderunt.

95 5696 199 5769 petor),
219 5692 340 5752 Natalem
363 5695 462 5752 Christi
490 5700 605 5767 prittttttt
632 5697 692 5771 eina
719 5697 896 5771 nupturam

239 5787 377 5852 Parent.
401 5789 564 5855 lxxxv.
1195 5872 1219 5878 ,-
1243 5869 1253 5876 ,
1494 5788 1515 5849 ⁸
