<?xml version="1.0" encoding="UTF-8"?>
<!DOCTYPE html PUBLIC "-//W3C//DTD XHTML 1.0 Transitional//EN"
    "http://www.w3.org/TR/xhtml1/DTD/xhtml1-transitional.dtd">
<html xmlns="http://www.w3.org/1999/xhtml" xml:lang="en" lang="en">
 <head>
  <title>
</title>
<meta http-equiv="Content-Type" content="text/html;charset=utf-8" />
  <meta name='ocr-system' content='tesseract 3.04.00' />
  <meta name='ocr-capabilities' content='ocr_page ocr_carea ocr_par ocr_line ocrx_word'/>
</head>
<body>
  <div class='ocr_page' id='page_1' title='image "./patrologiaecurs79unkngoog/patrologiaecurs79unkngoog_0505.png"; bbox 0 0 3794 6106; ppageno 0'>
   <div class='ocr_carea' id='block_1_1' title="bbox 126 214 315 342">
    <p class='ocr_par' dir='ltr' id='par_1_1' title="bbox 126 214 315 342">
     <span class='ocr_line' id='line_1_1' title="bbox 126 214 315 342; baseline -0.011 -1"><span class='ocrx_word' id='word_1_1' title='bbox 126 283 174 342; x_wconf 68' lang='lat' dir='ltr'>uit</span> <span class='ocrx_word' id='word_1_2' title='bbox 292 214 315 279; x_wconf 52' lang='lat'>⁸</span> 
     </span>
    </p>
   </div>
   <div class='ocr_carea' id='block_1_2' title="bbox 480 281 1396 341">
    <p class='ocr_par' dir='ltr' id='par_1_2' title="bbox 480 281 1396 341">
     <span class='ocr_line' id='line_1_2' title="bbox 480 281 1396 341; baseline 0 -3"><span class='ocrx_word' id='word_1_3' title='bbox 480 281 626 339; x_wconf 79' lang='lat' dir='ltr'>lassate</span> <span class='ocrx_word' id='word_1_4' title='bbox 646 283 780 340; x_wconf 79' lang='lat' dir='ltr'>tttxtbtt</span> <span class='ocrx_word' id='word_1_5' title='bbox 801 284 875 341; x_wconf 77' lang='lat' dir='ltr'>SEC.</span> <span class='ocrx_word' id='word_1_6' title='bbox 898 284 978 341; x_wconf 82' lang='lat' dir='ltr'>REG.</span> <span class='ocrx_word' id='word_1_7' title='bbox 1000 285 1028 340; x_wconf 90' lang='lat' dir='ltr'>b.</span> <span class='ocrx_word' id='word_1_8' title='bbox 1051 282 1187 341; x_wconf 80' lang='lat' dir='ltr'>tstbout.</span> <span class='ocrx_word' id='word_1_9' title='bbox 1202 313 1238 327; x_wconf 90' lang='lat'><em>-</em></span> <span class='ocrx_word' id='word_1_10' title='bbox 1257 283 1345 341; x_wconf 73' lang='lat' dir='ltr'>l‘allS</span> <span class='ocrx_word' id='word_1_11' title='bbox 1363 282 1396 339; x_wconf 90' lang='lat' dir='ltr'>ll.</span> 
     </span>
    </p>
   </div>
   <div class='ocr_carea' id='block_1_3' title="bbox 1705 283 1759 341">
    <p class='ocr_par' dir='ltr' id='par_1_3' title="bbox 1705 283 1759 341">
     <span class='ocr_line' id='line_1_3' title="bbox 1705 283 1759 341; baseline -0.037 0"><span class='ocrx_word' id='word_1_12' title='bbox 1705 283 1759 341; x_wconf 66' lang='lat'>052</span> 
     </span>
    </p>
   </div>
   <div class='ocr_carea' id='block_1_4' title="bbox 165 389 1759 466">
    <p class='ocr_par' dir='ltr' id='par_1_4' title="bbox 165 389 1759 466">
     <span class='ocr_line' id='line_1_4' title="bbox 165 389 1759 466; baseline 0.001 -19"><span class='ocrx_word' id='word_1_13' title='bbox 165 393 238 448; x_wconf 81' lang='lat' dir='ltr'>Dicat</span> <span class='ocrx_word' id='word_1_14' title='bbox 263 389 399 446; x_wconf 66' lang='lat' dir='ltr'>presbiter.</span> <span class='ocrx_word' id='word_1_15' title='bbox 426 391 555 447; x_wconf 74' lang='lat' dir='ltr'>liurvvmns</span> <span class='ocrx_word' id='word_1_16' title='bbox 575 402 611 449; x_wconf 89' lang='lat' dir='ltr'>stt</span> <span class='ocrx_word' id='word_1_17' title='bbox 633 407 741 464; x_wconf 79' lang='lat' dir='ltr'>semper</span> <span class='ocrx_word' id='word_1_18' title='bbox 765 393 913 449; x_wconf 85' lang='lat' dir='ltr'>vobiscum.</span> <span class='ocrx_word' id='word_1_19' title='bbox 932 399 954 454; x_wconf 84' lang='grc' dir='ltr'><strong>Α</strong></span> <span class='ocrx_word' id='word_1_20' title='bbox 970 396 1098 464; x_wconf 84' lang='lat' dir='ltr'>nvajestas</span> <span class='ocrx_word' id='word_1_21' title='bbox 1121 397 1205 451; x_wconf 87' lang='lat' dir='ltr'>Deum</span> <span class='ocrx_word' id='word_1_22' title='bbox 1224 396 1366 452; x_wconf 84' lang='lat' dir='ltr'>Patremet</span> <span class='ocrx_word' id='word_1_23' title='bbox 1382 395 1477 451; x_wconf 81' lang='lat' dir='ltr'>Filium</span> <span class='ocrx_word' id='word_1_24' title='bbox 1493 407 1520 450; x_wconf 89' lang='lat' dir='ltr'>et</span> <span class='ocrx_word' id='word_1_25' title='bbox 1543 396 1672 466; x_wconf 83' lang='lat' dir='ltr'>Spiritum</span> <span class='ocrx_word' id='word_1_26' title='bbox 1693 396 1759 452; x_wconf 86' lang='lat' dir='ltr'>Sao·</span> 
     </span>
    </p>
   </div>
   <div class='ocr_carea' id='block_1_5' title="bbox 126 486 918 1371">
    <p class='ocr_par' dir='ltr' id='par_1_5' title="bbox 135 486 307 554">
     <span class='ocr_line' id='line_1_5' title="bbox 135 486 307 554; baseline -0.023 -14"><span class='ocrx_word' id='word_1_27' title='bbox 135 488 172 554; x_wconf 82' lang='lat' dir='ltr'>vi.</span> <span class='ocrx_word' id='word_1_28' title='bbox 190 486 219 540; x_wconf 84' lang='lat' dir='ltr'>Er</span> <span class='ocrx_word' id='word_1_29' title='bbox 235 499 307 537; x_wconf 85' lang='lat' dir='ltr'>cvvov.</span> 
     </span>
    </p>

    <p class='ocr_par' dir='ltr' id='par_1_6' title="bbox 126 573 918 823">
     <span class='ocr_line' id='line_1_6' title="bbox 167 573 918 644; baseline 0.003 -16"><span class='ocrx_word' id='word_1_30' title='bbox 167 587 179 613; x_wconf 77' lang='lat'><strong>¹</strong></span> <span class='ocrx_word' id='word_1_31' title='bbox 195 574 297 628; x_wconf 81' lang='lat' dir='ltr'>Loutia.</span> <span class='ocrx_word' id='word_1_32' title='bbox 313 573 436 629; x_wconf 74' lang='lat' dir='ltr'>Alleluia.</span> <span class='ocrx_word' id='word_1_33' title='bbox 460 575 496 641; x_wconf 70' lang='lat' dir='ltr'>i.</span> <span class='ocrx_word' id='word_1_34' title='bbox 513 573 610 628; x_wconf 85' lang='lat' dir='ltr'>lleatus</span> <span class='ocrx_word' id='word_1_35' title='bbox 623 574 704 628; x_wconf 91' lang='lat' dir='ltr'>borno</span> <span class='ocrx_word' id='word_1_36' title='bbox 717 589 795 644; x_wconf 88' lang='lat' dir='ltr'>quem</span> <span class='ocrx_word' id='word_1_37' title='bbox 812 584 839 628; x_wconf 91' lang='lat' dir='ltr'>tu</span> <span class='ocrx_word' id='word_1_38' title='bbox 853 591 918 630; x_wconf 90' lang='lat' dir='ltr'>ertt·</span> 
     </span>
     <span class='ocr_line' id='line_1_7' title="bbox 126 662 916 735; baseline 0.005 -17"><span class='ocrx_word' id='word_1_39' title='bbox 126 665 188 719; x_wconf 86' lang='lat' dir='ltr'>disti</span> <span class='ocrx_word' id='word_1_40' title='bbox 216 662 326 719; x_wconf 79' lang='lat' dir='ltr'>Domine</span> <span class='ocrx_word' id='word_1_41' title='bbox 348 679 355 716; x_wconf 79' lang='grc' dir='ltr'><strong><em>ε</em></strong></span> <span class='ocrx_word' id='word_1_42' title='bbox 379 672 406 718; x_wconf 91' lang='lat' dir='ltr'>et</span> <span class='ocrx_word' id='word_1_43' title='bbox 431 664 465 717; x_wconf 88' lang='lat' dir='ltr'>de</span> <span class='ocrx_word' id='word_1_44' title='bbox 490 663 548 735; x_wconf 81' lang='lat' dir='ltr'>lege</span> <span class='ocrx_word' id='word_1_45' title='bbox 576 671 621 718; x_wconf 87' lang='lat' dir='ltr'>tua</span> <span class='ocrx_word' id='word_1_46' title='bbox 647 663 762 720; x_wconf 88' lang='lat' dir='ltr'>docuisti</span> <span class='ocrx_word' id='word_1_47' title='bbox 786 681 859 722; x_wconf 88' lang='lat' dir='ltr'>eum.</span> <span class='ocrx_word' id='word_1_48' title='bbox 881 664 916 722; x_wconf 83' lang='grc' dir='ltr'>Ρ.</span> 
     </span>
     <span class='ocr_line' id='line_1_8' title="bbox 129 754 357 823; baseline -0.022 -12"><span class='ocrx_word' id='word_1_49' title='bbox 129 754 254 823; x_wconf 76' lang='lat' dir='ltr'>Alleluia.</span> <span class='ocrx_word' id='word_1_50' title='bbox 348 804 357 820; x_wconf 69' lang='grc'>,</span> 
     </span>
    </p>

    <p class='ocr_par' dir='ltr' id='par_1_7' title="bbox 126 843 918 1371">
     <span class='ocr_line' id='line_1_9' title="bbox 163 843 918 914; baseline 0.004 -14"><span class='ocrx_word' id='word_1_51' title='bbox 163 845 176 883; x_wconf 63' lang='grc' dir='ltr'>ἰ</span> <span class='ocrx_word' id='word_1_52' title='bbox 194 845 369 912; x_wconf 66' lang='lat' dir='ltr'>Sacrificium.</span> <span class='ocrx_word' id='word_1_53' title='bbox 391 843 514 914; x_wconf 69' lang='lat' dir='ltr'>fulgebit</span> <span class='ocrx_word' id='word_1_54' title='bbox 533 845 621 913; x_wconf 79' lang='lat' dir='ltr'>iustus</span> <span class='ocrx_word' id='word_1_55' title='bbox 641 845 711 900; x_wconf 87' lang='lat' dir='ltr'>sicut</span> <span class='ocrx_word' id='word_1_56' title='bbox 723 845 850 913; x_wconf 85' lang='lat' dir='ltr'>splendor</span> <span class='ocrx_word' id='word_1_57' title='bbox 873 847 918 903; x_wconf 91' lang='lat' dir='ltr'>llr·</span> 
     </span>
     <span class='ocr_line' id='line_1_10' title="bbox 128 934 916 993; baseline 0.001 -3"><span class='ocrx_word' id='word_1_58' title='bbox 128 954 188 990; x_wconf 85' lang='lat' dir='ltr'>rrrau</span> <span class='ocrx_word' id='word_1_59' title='bbox 200 936 266 991; x_wconf 90' lang='lat' dir='ltr'>enti.</span> <span class='ocrx_word' id='word_1_60' title='bbox 289 936 364 991; x_wconf 86' lang='lat' dir='ltr'>Sient</span> <span class='ocrx_word' id='word_1_61' title='bbox 382 935 461 989; x_wconf 86' lang='lat' dir='ltr'>stelle</span> <span class='ocrx_word' id='word_1_62' title='bbox 481 934 533 990; x_wconf 87' lang='lat' dir='ltr'>celi</span> <span class='ocrx_word' id='word_1_63' title='bbox 548 935 643 990; x_wconf 90' lang='lat' dir='ltr'>dautes</span> <span class='ocrx_word' id='word_1_64' title='bbox 660 937 809 991; x_wconf 74' lang='lat' dir='ltr'><strong>claritatem</strong></span> <span class='ocrx_word' id='word_1_65' title='bbox 825 938 916 993; x_wconf 88' lang='lat' dir='ltr'>lucis:</span> 
     </span>
     <span class='ocr_line' id='line_1_11' title="bbox 128 1024 916 1095; baseline 0.001 -14"><span class='ocrx_word' id='word_1_66' title='bbox 128 1031 210 1082; x_wconf 89' lang='lat' dir='ltr'>itaet</span> <span class='ocrx_word' id='word_1_67' title='bbox 233 1028 321 1095; x_wconf 84' lang='lat' dir='ltr'>justus</span> <span class='ocrx_word' id='word_1_68' title='bbox 345 1025 525 1091; x_wconf 86' lang='lat' dir='ltr'>splendebit:</span> <span class='ocrx_word' id='word_1_69' title='bbox 550 1024 576 1078; x_wconf 92' lang='lat' dir='ltr'>iu</span> <span class='ocrx_word' id='word_1_70' title='bbox 601 1034 726 1095; x_wconf 74' lang='lat' dir='ltr'>perpetua</span> <span class='ocrx_word' id='word_1_71' title='bbox 748 1027 916 1082; x_wconf 68' lang='lat' dir='ltr'>eternitate:</span> 
     </span>
     <span class='ocr_line' id='line_1_12' title="bbox 126 1115 918 1188; baseline -0.001 -15"><span class='ocrx_word' id='word_1_72' title='bbox 126 1119 244 1188; x_wconf 83' lang='lat' dir='ltr'>attetuja.</span> <span class='ocrx_word' id='word_1_73' title='bbox 266 1119 303 1188; x_wconf 67' lang='lat' dir='ltr'>p.</span> <span class='ocrx_word' id='word_1_74' title='bbox 316 1116 463 1188; x_wconf 77' lang='lat' dir='ltr'>Fvvlqebunt</span> <span class='ocrx_word' id='word_1_75' title='bbox 475 1135 480 1170; x_wconf 93' lang='lat'>:</span> <span class='ocrx_word' id='word_1_76' title='bbox 493 1125 520 1170; x_wconf 92' lang='lat' dir='ltr'>et</span> <span class='ocrx_word' id='word_1_77' title='bbox 530 1123 656 1186; x_wconf 81' lang='lat' dir='ltr'>tanquam</span> <span class='ocrx_word' id='word_1_78' title='bbox 672 1115 786 1171; x_wconf 88' lang='lat' dir='ltr'>scintille</span> <span class='ocrx_word' id='word_1_79' title='bbox 800 1119 825 1170; x_wconf 92' lang='lat' dir='ltr'>in</span> <span class='ocrx_word' id='word_1_80' title='bbox 837 1132 918 1172; x_wconf 88' lang='lat' dir='ltr'>arun·</span> 
     </span>
     <span class='ocr_line' id='line_1_13' title="bbox 126 1207 917 1276; baseline -0.004 -11"><span class='ocrx_word' id='word_1_81' title='bbox 126 1208 217 1265; x_wconf 76' lang='lat' dir='ltr'>olineto</span> <span class='ocrx_word' id='word_1_82' title='bbox 231 1208 381 1264; x_wconf 88' lang='lat' dir='ltr'>discurrent</span> <span class='ocrx_word' id='word_1_83' title='bbox 396 1225 403 1260; x_wconf 91' lang='lat'>:</span> <span class='ocrx_word' id='word_1_84' title='bbox 417 1207 573 1276; x_wconf 84' lang='lat' dir='ltr'>judicabunt</span> <span class='ocrx_word' id='word_1_85' title='bbox 588 1207 710 1262; x_wconf 88' lang='lat' dir='ltr'>nationes</span> <span class='ocrx_word' id='word_1_86' title='bbox 728 1226 733 1260; x_wconf 89' lang='lat'>:</span> <span class='ocrx_word' id='word_1_87' title='bbox 750 1215 779 1262; x_wconf 91' lang='lat' dir='ltr'>et</span> <span class='ocrx_word' id='word_1_88' title='bbox 792 1207 917 1262; x_wconf 85' lang='lat' dir='ltr'>domina·</span> 
     </span>
     <span class='ocr_line' id='line_1_14' title="bbox 129 1297 918 1371; baseline 0 -16"><span class='ocrx_word' id='word_1_89' title='bbox 129 1302 228 1356; x_wconf 90' lang='lat' dir='ltr'>bnutnr</span> <span class='ocrx_word' id='word_1_90' title='bbox 248 1300 354 1371; x_wconf 90' lang='lat' dir='ltr'>populis</span> <span class='ocrx_word' id='word_1_91' title='bbox 371 1317 377 1353; x_wconf 92' lang='lat'>:</span> <span class='ocrx_word' id='word_1_92' title='bbox 394 1307 420 1354; x_wconf 93' lang='lat' dir='ltr'>et</span> <span class='ocrx_word' id='word_1_93' title='bbox 441 1298 590 1369; x_wconf 76' lang='lat' dir='ltr'>rogitabunt</span> <span class='ocrx_word' id='word_1_94' title='bbox 612 1313 672 1354; x_wconf 89' lang='lat' dir='ltr'>eum</span> <span class='ocrx_word' id='word_1_95' title='bbox 690 1299 814 1354; x_wconf 85' lang='lat' dir='ltr'>bomine.</span> <span class='ocrx_word' id='word_1_96' title='bbox 838 1297 873 1354; x_wconf 87' lang='lat' dir='ltr'>P.</span> <span class='ocrx_word' id='word_1_97' title='bbox 890 1300 918 1355; x_wconf 93' lang='lat' dir='ltr'>ln</span> 
     </span>
    </p>
   </div>
   <div class='ocr_carea' id='block_1_6' title="bbox 128 1403 265 1464">
    <p class='ocr_par' dir='ltr' id='par_1_8' title="bbox 128 1403 265 1464">
     <span class='ocr_line' id='line_1_15' title="bbox 128 1403 265 1464; baseline 0.022 -20"><span class='ocrx_word' id='word_1_98' title='bbox 128 1403 265 1464; x_wconf 87' lang='lat' dir='ltr'>perpetua.</span> 
     </span>
    </p>
   </div>
   <div class='ocr_carea' id='block_1_7' title="bbox 969 486 1763 1467">
    <p class='ocr_par' dir='ltr' id='par_1_9' title="bbox 969 486 1763 1467">
     <span class='ocr_line' id='line_1_16' title="bbox 971 486 1758 558; baseline 0 -16"><span class='ocrx_word' id='word_1_99' title='bbox 971 500 1042 542; x_wconf 87' lang='lat' dir='ltr'>etum</span> <span class='ocrx_word' id='word_1_100' title='bbox 1063 487 1186 542; x_wconf 88' lang='lat' dir='ltr'>:iontem</span> <span class='ocrx_word' id='word_1_101' title='bbox 1214 487 1385 542; x_wconf 87' lang='lat' dir='ltr'>beatitudinis</span> <span class='ocrx_word' id='word_1_102' title='bbox 1399 498 1492 542; x_wconf 61' lang='lat' dir='ltr'>eterne</span> <span class='ocrx_word' id='word_1_103' title='bbox 1518 486 1628 543; x_wconf 82' lang='lat' dir='ltr'>larolare</span> <span class='ocrx_word' id='word_1_104' title='bbox 1650 502 1659 542; x_wconf 92' lang='lat'>:</span> <span class='ocrx_word' id='word_1_105' title='bbox 1680 502 1758 558; x_wconf 87' lang='lat' dir='ltr'>quem</span> 
     </span>
     <span class='ocr_line' id='line_1_17' title="bbox 969 576 1760 644; baseline -0.003 -10"><span class='ocrx_word' id='word_1_106' title='bbox 969 579 1068 635; x_wconf 85' lang='lat' dir='ltr'>sciurus</span> <span class='ocrx_word' id='word_1_107' title='bbox 1093 578 1193 632; x_wconf 88' lang='lat' dir='ltr'>vvvvllius</span> <span class='ocrx_word' id='word_1_108' title='bbox 1212 577 1349 633; x_wconf 81' lang='lat' dir='ltr'>servitutis</span> <span class='ocrx_word' id='word_1_109' title='bbox 1374 576 1512 644; x_wconf 83' lang='lat' dir='ltr'>obsequiis</span> <span class='ocrx_word' id='word_1_110' title='bbox 1540 576 1670 643; x_wconf 72' lang='lat' dir='ltr'>indigere.</span> <span class='ocrx_word' id='word_1_111' title='bbox 1712 577 1760 632; x_wconf 85' lang='lat' dir='ltr'>Per</span> 
     </span>
     <span class='ocr_line' id='line_1_18' title="bbox 969 668 1760 739; baseline 0.008 -19"><span class='ocrx_word' id='word_1_112' title='bbox 969 683 1049 739; x_wconf 87' lang='lat' dir='ltr'>quern</span> <span class='ocrx_word' id='word_1_113' title='bbox 1077 668 1245 724; x_wconf 84' lang='lat' dir='ltr'>beatissimus</span> <span class='ocrx_word' id='word_1_114' title='bbox 1271 668 1371 736; x_wconf 73' lang='lat' dir='ltr'>llartrr</span> <span class='ocrx_word' id='word_1_115' title='bbox 1392 677 1463 724; x_wconf 87' lang='lat' dir='ltr'>tuus.</span> <span class='ocrx_word' id='word_1_116' title='bbox 1488 668 1520 722; x_wconf 95' lang='lat' dir='ltr'>N.</span> <span class='ocrx_word' id='word_1_117' title='bbox 1544 683 1654 725; x_wconf 86' lang='lat' dir='ltr'>errores</span> <span class='ocrx_word' id='word_1_118' title='bbox 1677 670 1760 726; x_wconf 80' lang='lat' dir='ltr'>servili</span> 
     </span>
     <span class='ocr_line' id='line_1_19' title="bbox 969 759 1760 830; baseline 0.005 -18"><span class='ocrx_word' id='word_1_119' title='bbox 969 761 1098 825; x_wconf 73' lang='lat' dir='ltr'>sortientia</span> <span class='ocrx_word' id='word_1_120' title='bbox 1126 759 1189 814; x_wconf 85' lang='lat' dir='ltr'>uicit</span> <span class='ocrx_word' id='word_1_121' title='bbox 1213 776 1221 815; x_wconf 90' lang='lat'>:</span> <span class='ocrx_word' id='word_1_122' title='bbox 1244 769 1362 815; x_wconf 86' lang='lat' dir='ltr'>terrores</span> <span class='ocrx_word' id='word_1_123' title='bbox 1389 759 1517 828; x_wconf 87' lang='lat' dir='ltr'>patientia</span> <span class='ocrx_word' id='word_1_124' title='bbox 1542 761 1681 830; x_wconf 85' lang='lat' dir='ltr'>superavit</span> <span class='ocrx_word' id='word_1_125' title='bbox 1705 778 1711 810; x_wconf 76' lang='grc' dir='ltr'><strong><em>τ</em></strong></span> <span class='ocrx_word' id='word_1_126' title='bbox 1734 771 1760 816; x_wconf 88' lang='lat' dir='ltr'>et</span> 
     </span>
     <span class='ocr_line' id='line_1_20' title="bbox 970 849 1759 922; baseline 0.004 -20"><span class='ocrx_word' id='word_1_127' title='bbox 970 849 1071 903; x_wconf 89' lang='lat' dir='ltr'>idcirco</span> <span class='ocrx_word' id='word_1_128' title='bbox 1092 859 1145 905; x_wconf 90' lang='lat' dir='ltr'>tam</span> <span class='ocrx_word' id='word_1_129' title='bbox 1161 866 1285 919; x_wconf 71' lang='lat' dir='ltr'>magonae</span> <span class='ocrx_word' id='word_1_130' title='bbox 1305 859 1415 921; x_wconf 89' lang='lat' dir='ltr'>tamque</span> <span class='ocrx_word' id='word_1_131' title='bbox 1438 850 1608 920; x_wconf 77' lang='lat' dir='ltr'>magnificum</span> <span class='ocrx_word' id='word_1_132' title='bbox 1631 851 1759 922; x_wconf 81' lang='lat' dir='ltr'>estquod</span> 
     </span>
     <span class='ocr_line' id='line_1_21' title="bbox 970 941 1760 1011; baseline -0.003 -15"><span class='ocrx_word' id='word_1_133' title='bbox 970 944 1044 998; x_wconf 84' lang='lat' dir='ltr'>lecit.</span> <span class='ocrx_word' id='word_1_134' title='bbox 1061 942 1176 998; x_wconf 86' lang='lat' dir='ltr'>Secutus</span> <span class='ocrx_word' id='word_1_135' title='bbox 1187 944 1287 1011; x_wconf 78' lang='lat' dir='ltr'>quippe</span> <span class='ocrx_word' id='word_1_136' title='bbox 1301 958 1398 1007; x_wconf 68' lang='lat' dir='ltr'>agnum</span> <span class='ocrx_word' id='word_1_137' title='bbox 1413 958 1422 998; x_wconf 92' lang='lat'>:</span> <span class='ocrx_word' id='word_1_138' title='bbox 1439 942 1546 998; x_wconf 88' lang='lat' dir='ltr'>leonem</span> <span class='ocrx_word' id='word_1_139' title='bbox 1559 941 1633 997; x_wconf 87' lang='lat' dir='ltr'>vicit.</span> <span class='ocrx_word' id='word_1_140' title='bbox 1648 942 1760 1011; x_wconf 77' lang='lat' dir='ltr'>Quando</span> 
     </span>
     <span class='ocr_line' id='line_1_22' title="bbox 970 1033 1761 1105; baseline 0.001 -17"><span class='ocrx_word' id='word_1_141' title='bbox 970 1044 1125 1105; x_wconf 78' lang='lat' dir='ltr'>persecutor</span> <span class='ocrx_word' id='word_1_142' title='bbox 1142 1035 1264 1090; x_wconf 88' lang='lat' dir='ltr'>seviebat</span> <span class='ocrx_word' id='word_1_143' title='bbox 1281 1034 1344 1089; x_wconf 85' lang='lat' dir='ltr'>:leo</span> <span class='ocrx_word' id='word_1_144' title='bbox 1359 1033 1501 1089; x_wconf 77' lang='lat' dir='ltr'>fremebat.</span> <span class='ocrx_word' id='word_1_145' title='bbox 1518 1033 1573 1089; x_wconf 89' lang='lat' dir='ltr'>Sed</span> <span class='ocrx_word' id='word_1_146' title='bbox 1592 1034 1654 1103; x_wconf 88' lang='lat' dir='ltr'>quia</span> <span class='ocrx_word' id='word_1_147' title='bbox 1679 1049 1761 1104; x_wconf 69' lang='lat' dir='ltr'>aquus</span> 
     </span>
     <span class='ocr_line' id='line_1_23' title="bbox 969 1125 1759 1183; baseline -0.001 -3"><span class='ocrx_word' id='word_1_148' title='bbox 969 1139 1075 1183; x_wconf 88' lang='lat' dir='ltr'>sursum</span> <span class='ocrx_word' id='word_1_149' title='bbox 1090 1125 1306 1181; x_wconf 83' lang='lat' dir='ltr'>adtendebatur:</span> <span class='ocrx_word' id='word_1_150' title='bbox 1327 1125 1369 1180; x_wconf 91' lang='lat' dir='ltr'>leo</span> <span class='ocrx_word' id='word_1_151' title='bbox 1384 1125 1509 1181; x_wconf 84' lang='lat' dir='ltr'>deorsum</span> <span class='ocrx_word' id='word_1_152' title='bbox 1522 1126 1759 1180; x_wconf 89' lang='lat' dir='ltr'>eovvtemuebatur.</span> 
     </span>
     <span class='ocr_line' id='line_1_24' title="bbox 971 1214 1760 1287; baseline 0 -17"><span class='ocrx_word' id='word_1_153' title='bbox 971 1217 1031 1287; x_wconf 90' lang='lat' dir='ltr'>lpse</span> <span class='ocrx_word' id='word_1_154' title='bbox 1048 1218 1118 1272; x_wconf 89' lang='lat' dir='ltr'>enim</span> <span class='ocrx_word' id='word_1_155' title='bbox 1137 1217 1291 1271; x_wconf 88' lang='lat' dir='ltr'>intuebatur</span> <span class='ocrx_word' id='word_1_156' title='bbox 1301 1215 1345 1286; x_wconf 94' lang='lat' dir='ltr'>qni</span> <span class='ocrx_word' id='word_1_157' title='bbox 1361 1226 1474 1271; x_wconf 89' lang='lat' dir='ltr'>mortem</span> <span class='ocrx_word' id='word_1_158' title='bbox 1494 1223 1583 1270; x_wconf 89' lang='lat' dir='ltr'>morte</span> <span class='ocrx_word' id='word_1_159' title='bbox 1606 1214 1760 1271; x_wconf 78' lang='lat' dir='ltr'>destruxit:</span> 
     </span>
     <span class='ocr_line' id='line_1_25' title="bbox 971 1304 1763 1378; baseline 0 -16"><span class='ocrx_word' id='word_1_160' title='bbox 971 1310 998 1362; x_wconf 90' lang='lat' dir='ltr'>in</span> <span class='ocrx_word' id='word_1_161' title='bbox 1012 1309 1082 1377; x_wconf 81' lang='lat' dir='ltr'>liquo</span> <span class='ocrx_word' id='word_1_162' title='bbox 1100 1308 1227 1378; x_wconf 82' lang='lat' dir='ltr'>pependit</span> <span class='ocrx_word' id='word_1_163' title='bbox 1244 1327 1249 1361; x_wconf 94' lang='lat'>:</span> <span class='ocrx_word' id='word_1_164' title='bbox 1266 1307 1421 1377; x_wconf 79' lang='lat' dir='ltr'>sanguinem</span> <span class='ocrx_word' id='word_1_165' title='bbox 1438 1306 1504 1362; x_wconf 86' lang='lat' dir='ltr'>indit</span> <span class='ocrx_word' id='word_1_166' title='bbox 1520 1325 1526 1360; x_wconf 91' lang='lat'>:</span> <span class='ocrx_word' id='word_1_167' title='bbox 1544 1306 1675 1360; x_wconf 91' lang='lat' dir='ltr'>mnndum</span> <span class='ocrx_word' id='word_1_168' title='bbox 1689 1304 1763 1362; x_wconf 87' lang='lat' dir='ltr'>rede·</span> 
     </span>
     <span class='ocr_line' id='line_1_26' title="bbox 973 1395 1761 1467; baseline -0.004 -14"><span class='ocrx_word' id='word_1_169' title='bbox 973 1400 1028 1453; x_wconf 92' lang='lat' dir='ltr'>mit.</span> <span class='ocrx_word' id='word_1_170' title='bbox 1052 1397 1102 1455; x_wconf 86' lang='lat' dir='ltr'>Cui</span> <span class='ocrx_word' id='word_1_171' title='bbox 1126 1399 1223 1453; x_wconf 87' lang='lat' dir='ltr'>merito</span> <span class='ocrx_word' id='word_1_172' title='bbox 1241 1410 1337 1452; x_wconf 86' lang='lat' dir='ltr'>omnes</span> <span class='ocrx_word' id='word_1_173' title='bbox 1358 1395 1453 1467; x_wconf 66' lang='lat' dir='ltr'>Aureli</span> <span class='ocrx_word' id='word_1_174' title='bbox 1480 1408 1507 1450; x_wconf 90' lang='lat' dir='ltr'>et</span> <span class='ocrx_word' id='word_1_175' title='bbox 1523 1395 1686 1467; x_wconf 72' lang='lat' dir='ltr'>Archangeli</span> <span class='ocrx_word' id='word_1_176' title='bbox 1710 1409 1761 1450; x_wconf 90' lang='lat' dir='ltr'>non</span> 
     </span>
    </p>
   </div>
   <div class='ocr_carea' id='block_1_8' title="bbox 126 1481 1762 2200">
    <p class='ocr_par' dir='ltr' id='par_1_10' title="bbox 126 1481 1762 2200">
     <span class='ocr_line' id='line_1_27' title="bbox 162 1481 1708 1559; baseline 0.001 -21"><span class='ocrx_word' id='word_1_177' title='bbox 162 1484 244 1555; x_wconf 53' lang='grc' dir='ltr'>ιη</span> <span class='ocrx_word' id='word_1_178' title='bbox 275 1481 365 1537; x_wconf 77' lang='lat' dir='ltr'>Niara.</span> <span class='ocrx_word' id='word_1_179' title='bbox 398 1482 562 1553; x_wconf 78' lang='lat' dir='ltr'>largitorem</span> <span class='ocrx_word' id='word_1_180' title='bbox 585 1481 670 1537; x_wconf 88' lang='lat' dir='ltr'>eterni</span> <span class='ocrx_word' id='word_1_181' title='bbox 695 1483 813 1539; x_wconf 84' lang='lat' dir='ltr'>muneris</span> <span class='ocrx_word' id='word_1_182' title='bbox 837 1483 920 1539; x_wconf 82' lang='lat' dir='ltr'>[lenm</span> <span class='ocrx_word' id='word_1_183' title='bbox 971 1487 1708 1559; x_wconf 81' lang='lat' dir='ltr'>cessoutclamareqvmtidie:itavlieentes.Sanetus.</span> 
     </span>
     <span class='ocr_line' id='line_1_28' title="bbox 126 1573 1762 1643; baseline -0.006 -14"><span class='ocrx_word' id='word_1_184' title='bbox 126 1575 224 1630; x_wconf 84' lang='lat' dir='ltr'>iratres</span> <span class='ocrx_word' id='word_1_185' title='bbox 246 1573 396 1629; x_wconf 82' lang='lat' dir='ltr'>charissimi</span> <span class='ocrx_word' id='word_1_186' title='bbox 412 1574 545 1643; x_wconf 82' lang='lat' dir='ltr'>simplices</span> <span class='ocrx_word' id='word_1_187' title='bbox 560 1574 735 1643; x_wconf 90' lang='lat' dir='ltr'>imploremus</span> <span class='ocrx_word' id='word_1_188' title='bbox 754 1585 804 1628; x_wconf 91' lang='lat' dir='ltr'>:nt</span> <span class='ocrx_word' id='word_1_189' title='bbox 817 1575 920 1629; x_wconf 87' lang='lat' dir='ltr'>sacriti-</span> <span class='ocrx_word' id='word_1_190' title='bbox 1008 1582 1070 1638; x_wconf 68' lang='lat' dir='ltr'>Poro</span> <span class='ocrx_word' id='word_1_191' title='bbox 1084 1583 1207 1638; x_wconf 63' lang='lat' dir='ltr'>sanctu,</span> <span class='ocrx_word' id='word_1_192' title='bbox 1228 1581 1298 1637; x_wconf 61' lang='lat' dir='ltr'>vere</span> <span class='ocrx_word' id='word_1_193' title='bbox 1317 1591 1426 1635; x_wconf 61' lang='lat' dir='ltr'>sanetur</span> <span class='ocrx_word' id='word_1_194' title='bbox 1443 1595 1451 1635; x_wconf 90' lang='lat'>:</span> <span class='ocrx_word' id='word_1_195' title='bbox 1468 1588 1495 1635; x_wconf 70' lang='lat' dir='ltr'>er</span> <span class='ocrx_word' id='word_1_196' title='bbox 1513 1593 1578 1633; x_wconf 67' lang='lat' dir='ltr'>vere</span> <span class='ocrx_word' id='word_1_197' title='bbox 1603 1577 1762 1633; x_wconf 60' lang='lat' dir='ltr'>beneditio,</span> 
     </span>
     <span class='ocr_line' id='line_1_29' title="bbox 126 1663 1761 1738; baseline -0.005 -18"><span class='ocrx_word' id='word_1_198' title='bbox 126 1666 197 1720; x_wconf 91' lang='lat' dir='ltr'>cium</span> <span class='ocrx_word' id='word_1_199' title='bbox 213 1665 283 1734; x_wconf 89' lang='lat' dir='ltr'>qued</span> <span class='ocrx_word' id='word_1_200' title='bbox 298 1663 434 1720; x_wconf 87' lang='lat' dir='ltr'>ollerimus</span> <span class='ocrx_word' id='word_1_201' title='bbox 450 1665 530 1718; x_wconf 89' lang='lat' dir='ltr'>bodie</span> <span class='ocrx_word' id='word_1_202' title='bbox 546 1664 572 1717; x_wconf 92' lang='lat' dir='ltr'>in</span> <span class='ocrx_word' id='word_1_203' title='bbox 593 1666 724 1719; x_wconf 90' lang='lat' dir='ltr'>bonorem</span> <span class='ocrx_word' id='word_1_204' title='bbox 739 1665 864 1738; x_wconf 84' lang='lat' dir='ltr'>llartyris</span> <span class='ocrx_word' id='word_1_205' title='bbox 879 1667 921 1721; x_wconf 87' lang='lat' dir='ltr'>stri</span> <span class='ocrx_word' id='word_1_206' title='bbox 974 1676 1101 1730; x_wconf 63' lang='lat' dir='ltr'>omnique</span> <span class='ocrx_word' id='word_1_207' title='bbox 1120 1684 1212 1730; x_wconf 60' lang='lat' dir='ltr'>noster</span> <span class='ocrx_word' id='word_1_208' title='bbox 1226 1675 1306 1731; x_wconf 66' lang='lat' dir='ltr'>pegus</span> <span class='ocrx_word' id='word_1_209' title='bbox 1323 1673 1446 1728; x_wconf 61' lang='lat' dir='ltr'>cbristus</span> <span class='ocrx_word' id='word_1_210' title='bbox 1465 1670 1535 1724; x_wconf 73' lang='lat' dir='ltr'>tirius</span> <span class='ocrx_word' id='word_1_211' title='bbox 1548 1679 1620 1724; x_wconf 73' lang='grc' dir='ltr'>ιιῃιι,</span> <span class='ocrx_word' id='word_1_212' title='bbox 1648 1667 1701 1736; x_wconf 75' lang='lat' dir='ltr'>Qut</span> <span class='ocrx_word' id='word_1_213' title='bbox 1715 1667 1761 1721; x_wconf 78' lang='lat' dir='ltr'>bo.</span> 
     </span>
     <span class='ocr_line' id='line_1_30' title="bbox 128 1756 1760 1828; baseline -0.009 -1"><span class='ocrx_word' id='word_1_214' title='bbox 128 1757 161 1812; x_wconf 76' lang='lat' dir='ltr'>N·</span> <span class='ocrx_word' id='word_1_215' title='bbox 177 1757 310 1828; x_wconf 63' lang='lat' dir='ltr'>propicius</span> <span class='ocrx_word' id='word_1_216' title='bbox 326 1766 467 1826; x_wconf 69' lang='lat' dir='ltr'>accensu&gt;</span> <span class='ocrx_word' id='word_1_217' title='bbox 487 1756 730 1826; x_wconf 59' lang='lat' dir='ltr'>deuteronomio</span> <span class='ocrx_word' id='word_1_218' title='bbox 746 1772 839 1825; x_wconf 71' lang='lat' dir='ltr'>ireres</span> <span class='ocrx_word' id='word_1_219' title='bbox 861 1773 919 1811; x_wconf 84' lang='lat' dir='ltr'>om·</span> <span class='ocrx_word' id='word_1_220' title='bbox 934 1767 957 1825; x_wconf 84' lang='lat' dir='ltr'>b</span> <span class='ocrx_word' id='word_1_221' title='bbox 970 1765 1128 1821; x_wconf 79' lang='lat' dir='ltr'>‹tteroodte</span> <span class='ocrx_word' id='word_1_222' title='bbox 1148 1766 1263 1820; x_wconf 66' lang='lat' dir='ltr'>aurorum</span> <span class='ocrx_word' id='word_1_223' title='bbox 1287 1765 1328 1820; x_wconf 77' lang='lat' dir='ltr'>our</span> <span class='ocrx_word' id='word_1_224' title='bbox 1354 1764 1439 1818; x_wconf 78' lang='lat' dir='ltr'>usus.</span> <span class='ocrx_word' id='word_1_225' title='bbox 1470 1761 1502 1818; x_wconf 85' lang='lat' dir='ltr'>u.</span> <span class='ocrx_word' id='word_1_226' title='bbox 1528 1762 1635 1816; x_wconf 74' lang='lat' dir='ltr'>terreto</span> <span class='ocrx_word' id='word_1_227' title='bbox 1661 1759 1760 1814; x_wconf 78' lang='lat' dir='ltr'>moneo</span> 
     </span>
     <span class='ocr_line' id='line_1_31' title="bbox 127 1848 1757 1923; baseline -0.001 -18"><span class='ocrx_word' id='word_1_228' title='bbox 127 1851 201 1905; x_wconf 82' lang='lat' dir='ltr'>rrirrm</span> <span class='ocrx_word' id='word_1_229' title='bbox 218 1850 366 1905; x_wconf 86' lang='lat' dir='ltr'>clementer</span> <span class='ocrx_word' id='word_1_230' title='bbox 384 1848 519 1917; x_wconf 86' lang='lat' dir='ltr'>accipiat:</span> <span class='ocrx_word' id='word_1_231' title='bbox 538 1861 565 1903; x_wconf 92' lang='lat' dir='ltr'>ut</span> <span class='ocrx_word' id='word_1_232' title='bbox 579 1850 703 1905; x_wconf 90' lang='lat' dir='ltr'>omnibus</span> <span class='ocrx_word' id='word_1_233' title='bbox 715 1850 918 1920; x_wconf 87' lang='lat' dir='ltr'>peccatadimit·</span> <span class='ocrx_word' id='word_1_234' title='bbox 970 1859 1059 1912; x_wconf 82' lang='lat' dir='ltr'>evexit</span> <span class='ocrx_word' id='word_1_235' title='bbox 1079 1858 1105 1911; x_wconf 92' lang='lat' dir='ltr'>in</span> <span class='ocrx_word' id='word_1_236' title='bbox 1125 1858 1212 1910; x_wconf 89' lang='lat' dir='ltr'>celum</span> <span class='ocrx_word' id='word_1_237' title='bbox 1229 1873 1236 1910; x_wconf 93' lang='lat'>:</span> <span class='ocrx_word' id='word_1_238' title='bbox 1254 1865 1283 1910; x_wconf 94' lang='lat' dir='ltr'>nt</span> <span class='ocrx_word' id='word_1_239' title='bbox 1303 1870 1354 1923; x_wconf 92' lang='lat' dir='ltr'>qne</span> <span class='ocrx_word' id='word_1_240' title='bbox 1375 1853 1461 1908; x_wconf 87' lang='lat' dir='ltr'>luerat</span> <span class='ocrx_word' id='word_1_241' title='bbox 1481 1853 1577 1906; x_wconf 78' lang='lat' dir='ltr'>alliirta</span> <span class='ocrx_word' id='word_1_242' title='bbox 1600 1849 1757 1920; x_wconf 85' lang='lat' dir='ltr'>suppliciis:</span> 
     </span>
     <span class='ocr_line' id='line_1_32' title="bbox 127 1933 1759 2018; baseline -0.001 -20"><span class='ocrx_word' id='word_1_243' title='bbox 127 1952 176 1998; x_wconf 80' lang='lat' dir='ltr'>tat.</span> <span class='ocrx_word' id='word_1_244' title='bbox 195 1940 255 1996; x_wconf 67' lang='lat' dir='ltr'>tiit</span> <span class='ocrx_word' id='word_1_245' title='bbox 270 1942 314 2010; x_wconf 90' lang='lat' dir='ltr'>qni</span> <span class='ocrx_word' id='word_1_246' title='bbox 331 1950 450 2011; x_wconf 80' lang='lat' dir='ltr'>prestare</span> <span class='ocrx_word' id='word_1_247' title='bbox 465 1933 589 2013; x_wconf 71' lang='lat' dir='ltr'>drqnatus</span> <span class='ocrx_word' id='word_1_248' title='bbox 604 1953 646 1998; x_wconf 88' lang='lat' dir='ltr'>est</span> <span class='ocrx_word' id='word_1_249' title='bbox 659 1944 747 1999; x_wconf 87' lang='lat' dir='ltr'>eidem</span> <span class='ocrx_word' id='word_1_250' title='bbox 762 1943 774 1983; x_wconf 70' lang='lat' dir='ltr'>l</span> <span class='ocrx_word' id='word_1_251' title='bbox 791 1946 921 2016; x_wconf 83' lang='lat' dir='ltr'>martyrio</span> <span class='ocrx_word' id='word_1_252' title='bbox 970 1947 1074 2018; x_wconf 75' lang='lat' dir='ltr'>prediis</span> <span class='ocrx_word' id='word_1_253' title='bbox 1089 1947 1221 2000; x_wconf 78' lang='lat' dir='ltr'>frueretur</span> <span class='ocrx_word' id='word_1_254' title='bbox 1237 1949 1348 2000; x_wconf 83' lang='lat' dir='ltr'>eternis.</span> <span class='ocrx_word' id='word_1_255' title='bbox 1367 1945 1399 1999; x_wconf 82' lang='lat' dir='ltr'>Et</span> <span class='ocrx_word' id='word_1_256' title='bbox 1410 1960 1461 2014; x_wconf 73' lang='lat' dir='ltr'>equo</span> <span class='ocrx_word' id='word_1_257' title='bbox 1478 1944 1615 1997; x_wconf 67' lang='lat' dir='ltr'>dvvruuuce</span> <span class='ocrx_word' id='word_1_258' title='bbox 1631 1943 1759 1997; x_wconf 80' lang='lat' dir='ltr'>imitatrix</span> 
     </span>
     <span class='ocr_line' id='line_1_33' title="bbox 129 2032 1758 2108; baseline -0.001 -19"><span class='ocrx_word' id='word_1_259' title='bbox 129 2048 179 2089; x_wconf 90' lang='lat' dir='ltr'>suo</span> <span class='ocrx_word' id='word_1_260' title='bbox 195 2033 265 2087; x_wconf 86' lang='lat' dir='ltr'>bens</span> <span class='ocrx_word' id='word_1_261' title='bbox 280 2032 359 2087; x_wconf 81' lang='lat' dir='ltr'>Pater</span> <span class='ocrx_word' id='word_1_262' title='bbox 380 2032 551 2102; x_wconf 88' lang='lat' dir='ltr'>omnipotens</span> <span class='ocrx_word' id='word_1_263' title='bbox 575 2034 639 2088; x_wconf 91' lang='lat' dir='ltr'>olim</span> <span class='ocrx_word' id='word_1_264' title='bbox 659 2036 768 2092; x_wconf 85' lang='lat' dir='ltr'>victorie</span> <span class='ocrx_word' id='word_1_265' title='bbox 782 2040 919 2106; x_wconf 84' lang='lat' dir='ltr'>palmam:</span> <span class='ocrx_word' id='word_1_266' title='bbox 971 2041 1096 2093; x_wconf 78' lang='lat' dir='ltr'>extiterat</span> <span class='ocrx_word' id='word_1_267' title='bbox 1122 2040 1274 2108; x_wconf 79' lang='lat' dir='ltr'>passionis:</span> <span class='ocrx_word' id='word_1_268' title='bbox 1295 2040 1402 2094; x_wconf 83' lang='lat' dir='ltr'>celestis</span> <span class='ocrx_word' id='word_1_269' title='bbox 1423 2049 1496 2092; x_wconf 82' lang='lat' dir='ltr'>esset</span> <span class='ocrx_word' id='word_1_270' title='bbox 1514 2038 1650 2104; x_wconf 84' lang='lat' dir='ltr'>particeps</span> <span class='ocrx_word' id='word_1_271' title='bbox 1674 2035 1758 2106; x_wconf 79' lang='lat' dir='ltr'>requi.</span> 
     </span>
     <span class='ocr_line' id='line_1_34' title="bbox 131 2124 1761 2200; baseline -0.001 -20"><span class='ocrx_word' id='word_1_272' title='bbox 131 2140 202 2181; x_wconf 85' lang='lat' dir='ltr'>nuuc</span> <span class='ocrx_word' id='word_1_273' title='bbox 225 2139 370 2193; x_wconf 83' lang='lat' dir='ltr'>quesumus</span> <span class='ocrx_word' id='word_1_274' title='bbox 399 2124 531 2180; x_wconf 81' lang='lat' dir='ltr'>universis</span> <span class='ocrx_word' id='word_1_275' title='bbox 565 2127 697 2195; x_wconf 81' lang='lat' dir='ltr'>postulata</span> <span class='ocrx_word' id='word_1_276' title='bbox 725 2129 923 2185; x_wconf 76' lang='lat' dir='ltr'>concertatzer</span> <span class='ocrx_word' id='word_1_277' title='bbox 973 2127 1303 2200; x_wconf 81' lang='lat' dir='ltr'>liujuspmiudemeritis</span> <span class='ocrx_word' id='word_1_278' title='bbox 1323 2130 1510 2185; x_wconf 85' lang='lat' dir='ltr'>Denssrnmne</span> <span class='ocrx_word' id='word_1_279' title='bbox 1530 2127 1676 2181; x_wconf 89' lang='lat' dir='ltr'>terminum</span> <span class='ocrx_word' id='word_1_280' title='bbox 1694 2139 1761 2196; x_wconf 91' lang='lat' dir='ltr'>pone</span> 
     </span>
    </p>
   </div>
   <div class='ocr_carea' id='block_1_9' title="bbox 128 2215 924 2656">
    <p class='ocr_par' dir='ltr' id='par_1_11' title="bbox 130 2215 706 2286">
     <span class='ocr_line' id='line_1_35' title="bbox 130 2215 706 2286; baseline 0 -15"><span class='ocrx_word' id='word_1_281' title='bbox 130 2228 224 2272; x_wconf 90' lang='lat' dir='ltr'>etrrne</span> <span class='ocrx_word' id='word_1_282' title='bbox 237 2215 291 2270; x_wconf 86' lang='lat' dir='ltr'>vite</span> <span class='ocrx_word' id='word_1_283' title='bbox 302 2215 403 2285; x_wconf 84' lang='lat' dir='ltr'>premia</span> <span class='ocrx_word' id='word_1_284' title='bbox 415 2215 556 2286; x_wconf 75' lang='lat' dir='ltr'>dignanter</span> <span class='ocrx_word' id='word_1_285' title='bbox 569 2216 706 2273; x_wconf 83' lang='lat' dir='ltr'>attribuat.</span> 
     </span>
    </p>

    <p class='ocr_par' dir='ltr' id='par_1_12' title="bbox 173 2311 323 2379">
     <span class='ocr_line' id='line_1_36' title="bbox 173 2311 323 2379; baseline -0.007 -15"><span class='ocrx_word' id='word_1_286' title='bbox 173 2311 210 2379; x_wconf 72' lang='lat' dir='ltr'>vi.</span> <span class='ocrx_word' id='word_1_287' title='bbox 227 2311 323 2365; x_wconf 78' lang='lat' dir='ltr'>Amen.</span> 
     </span>
    </p>

    <p class='ocr_par' dir='ltr' id='par_1_13' title="bbox 128 2400 924 2656">
     <span class='ocr_line' id='line_1_37' title="bbox 164 2400 923 2476; baseline 0.003 -20"><span class='ocrx_word' id='word_1_288' title='bbox 164 2403 224 2456; x_wconf 78' lang='lat' dir='ltr'>Alia</span> <span class='ocrx_word' id='word_1_289' title='bbox 245 2401 347 2457; x_wconf 79' lang='lat' dir='ltr'>Oratio.</span> <span class='ocrx_word' id='word_1_290' title='bbox 368 2400 396 2458; x_wconf 90' lang='lat' dir='ltr'>ln</span> <span class='ocrx_word' id='word_1_291' title='bbox 418 2403 549 2458; x_wconf 85' lang='lat' dir='ltr'>bonorem</span> <span class='ocrx_word' id='word_1_292' title='bbox 576 2403 724 2458; x_wconf 75' lang='lat' dir='ltr'>beatissimi</span> <span class='ocrx_word' id='word_1_293' title='bbox 743 2403 868 2476; x_wconf 66' lang='lat' dir='ltr'>Martyris</span> <span class='ocrx_word' id='word_1_294' title='bbox 887 2404 923 2459; x_wconf 91' lang='lat' dir='ltr'>tni</span> 
     </span>
     <span class='ocr_line' id='line_1_38' title="bbox 128 2492 924 2566; baseline 0.004 -18"><span class='ocrx_word' id='word_1_295' title='bbox 128 2492 162 2548; x_wconf 79' lang='lat' dir='ltr'>N.</span> <span class='ocrx_word' id='word_1_296' title='bbox 178 2494 255 2565; x_wconf 81' lang='lat' dir='ltr'>enjus</span> <span class='ocrx_word' id='word_1_297' title='bbox 271 2493 352 2549; x_wconf 83' lang='lat' dir='ltr'>bodie</span> <span class='ocrx_word' id='word_1_298' title='bbox 372 2494 489 2549; x_wconf 89' lang='lat' dir='ltr'>natalem</span> <span class='ocrx_word' id='word_1_299' title='bbox 503 2495 587 2566; x_wconf 78' lang='lat' dir='ltr'>piorie</span> <span class='ocrx_word' id='word_1_300' title='bbox 599 2495 767 2551; x_wconf 79' lang='lat' dir='ltr'>celebramus</span> <span class='ocrx_word' id='word_1_301' title='bbox 785 2514 792 2551; x_wconf 93' lang='lat'>:</span> <span class='ocrx_word' id='word_1_302' title='bbox 810 2496 851 2550; x_wconf 89' lang='lat' dir='ltr'>bis</span> <span class='ocrx_word' id='word_1_303' title='bbox 867 2512 924 2551; x_wconf 89' lang='lat' dir='ltr'>rna·</span> 
     </span>
     <span class='ocr_line' id='line_1_39' title="bbox 131 2586 922 2656; baseline 0.003 -16"><span class='ocrx_word' id='word_1_304' title='bbox 131 2587 223 2656; x_wconf 81' lang='lat' dir='ltr'>jestati</span> <span class='ocrx_word' id='word_1_305' title='bbox 245 2595 291 2641; x_wconf 91' lang='lat' dir='ltr'>tue</span> <span class='ocrx_word' id='word_1_306' title='bbox 314 2586 483 2656; x_wconf 84' lang='lat' dir='ltr'>omnipotens</span> <span class='ocrx_word' id='word_1_307' title='bbox 509 2588 578 2641; x_wconf 88' lang='lat' dir='ltr'>bens</span> <span class='ocrx_word' id='word_1_308' title='bbox 602 2587 723 2643; x_wconf 85' lang='lat' dir='ltr'>lanrlibus</span> <span class='ocrx_word' id='word_1_309' title='bbox 747 2589 922 2644; x_wconf 81' lang='lat' dir='ltr'>servientes:</span> 
     </span>
    </p>
   </div>
   <div class='ocr_carea' id='block_1_10' title="bbox 972 2215 1764 2458">
    <p class='ocr_par' dir='ltr' id='par_1_14' title="bbox 972 2215 1764 2458">
     <span class='ocr_line' id='line_1_40' title="bbox 972 2215 1761 2289; baseline -0.001 -17"><span class='ocrx_word' id='word_1_310' title='bbox 972 2219 1079 2276; x_wconf 69' lang='lat' dir='ltr'>delictis</span> <span class='ocrx_word' id='word_1_311' title='bbox 1096 2240 1103 2274; x_wconf 91' lang='lat'>:</span> <span class='ocrx_word' id='word_1_312' title='bbox 1120 2230 1148 2276; x_wconf 87' lang='lat' dir='ltr'>et</span> <span class='ocrx_word' id='word_1_313' title='bbox 1162 2221 1241 2276; x_wconf 83' lang='lat' dir='ltr'>bnem</span> <span class='ocrx_word' id='word_1_314' title='bbox 1255 2220 1398 2277; x_wconf 81' lang='lat' dir='ltr'>scandalis.</span> <span class='ocrx_word' id='word_1_315' title='bbox 1415 2217 1451 2274; x_wconf 85' lang='lat' dir='ltr'>Ut</span> <span class='ocrx_word' id='word_1_316' title='bbox 1465 2219 1509 2289; x_wconf 90' lang='lat' dir='ltr'>qui</span> <span class='ocrx_word' id='word_1_317' title='bbox 1525 2217 1653 2288; x_wconf 79' lang='lat' dir='ltr'>llartyris</span> <span class='ocrx_word' id='word_1_318' title='bbox 1667 2219 1715 2271; x_wconf 89' lang='lat' dir='ltr'>tui.</span> <span class='ocrx_word' id='word_1_319' title='bbox 1730 2215 1761 2271; x_wconf 90' lang='lat' dir='ltr'>N.</span> 
     </span>
     <span class='ocr_line' id='line_1_41' title="bbox 975 2308 1764 2369; baseline 0 -7"><span class='ocrx_word' id='word_1_320' title='bbox 975 2324 1144 2367; x_wconf 79' lang='lat' dir='ltr'>veneratores</span> <span class='ocrx_word' id='word_1_321' title='bbox 1174 2313 1315 2369; x_wconf 82' lang='lat' dir='ltr'>existimus</span> <span class='ocrx_word' id='word_1_322' title='bbox 1343 2328 1350 2365; x_wconf 93' lang='lat'>:</span> <span class='ocrx_word' id='word_1_323' title='bbox 1379 2311 1489 2366; x_wconf 90' lang='lat' dir='ltr'>remotis</span> <span class='ocrx_word' id='word_1_324' title='bbox 1517 2319 1530 2347; x_wconf 87' lang='lat'><strong>·</strong></span> <span class='ocrx_word' id='word_1_325' title='bbox 1558 2308 1764 2364; x_wconf 77' lang='lat' dir='ltr'>adversitatibus</span> 
     </span>
     <span class='ocr_line' id='line_1_42' title="bbox 974 2398 1764 2458; baseline -0.003 -6"><span class='ocrx_word' id='word_1_326' title='bbox 974 2400 1044 2457; x_wconf 70' lang='lat' dir='ltr'>elttci</span> <span class='ocrx_word' id='word_1_327' title='bbox 1059 2418 1219 2458; x_wconf 86' lang='lat' dir='ltr'>mercantur.</span> <span class='ocrx_word' id='word_1_328' title='bbox 1236 2404 1285 2458; x_wconf 84' lang='lat' dir='ltr'>Per</span> <span class='ocrx_word' id='word_1_329' title='bbox 1301 2401 1437 2458; x_wconf 84' lang='lat' dir='ltr'>Citristum</span> <span class='ocrx_word' id='word_1_330' title='bbox 1453 2400 1597 2454; x_wconf 84' lang='lat' dir='ltr'>Dominum</span> <span class='ocrx_word' id='word_1_331' title='bbox 1613 2413 1646 2454; x_wconf 89' lang='lat' dir='ltr'>ae</span> <span class='ocrx_word' id='word_1_332' title='bbox 1659 2398 1764 2452; x_wconf 89' lang='lat' dir='ltr'>redent-</span> 
     </span>
    </p>
   </div>
   <div class='ocr_carea' id='block_1_11' title="bbox 974 2501 1765 2655">
    <p class='ocr_par' dir='ltr' id='par_1_15' title="bbox 974 2501 1765 2655">
     <span class='ocr_line' id='line_1_43' title="bbox 974 2501 1226 2563; baseline 0.004 -17"><span class='ocrx_word' id='word_1_333' title='bbox 974 2502 1078 2563; x_wconf 91' lang='lat' dir='ltr'>ptorem</span> <span class='ocrx_word' id='word_1_334' title='bbox 1094 2501 1226 2550; x_wconf 87' lang='lat' dir='ltr'>eternum.</span> 
     </span>
     <span class='ocr_line' id='line_1_44' title="bbox 1012 2578 1765 2655; baseline -0.008 -18"><span class='ocrx_word' id='word_1_335' title='bbox 1012 2582 1075 2639; x_wconf 85' lang='lat' dir='ltr'>Post</span> <span class='ocrx_word' id='word_1_336' title='bbox 1089 2583 1183 2655; x_wconf 84' lang='lat' dir='ltr'>pridie.</span> <span class='ocrx_word' id='word_1_337' title='bbox 1200 2582 1300 2638; x_wconf 87' lang='lat' dir='ltr'>Oratio.</span> <span class='ocrx_word' id='word_1_338' title='bbox 1317 2580 1427 2638; x_wconf 90' lang='lat' dir='ltr'>lleetibi</span> <span class='ocrx_word' id='word_1_339' title='bbox 1439 2578 1552 2635; x_wconf 84' lang='lat' dir='ltr'>bomine</span> <span class='ocrx_word' id='word_1_340' title='bbox 1565 2588 1609 2633; x_wconf 81' lang='lat' dir='ltr'>tua</span> <span class='ocrx_word' id='word_1_341' title='bbox 1624 2585 1765 2633; x_wconf 84' lang='lat' dir='ltr'>servames</span> 
     </span>
    </p>
   </div>
   <div class='ocr_carea' id='block_1_12' title="bbox 131 2671 1768 4485">
    <p class='ocr_par' dir='ltr' id='par_1_16' title="bbox 131 2671 1768 4485">
     <span class='ocr_line' id='line_1_45' title="bbox 137 2671 1766 2749; baseline -0.006 -17"><span class='ocrx_word' id='word_1_342' title='bbox 137 2677 257 2733; x_wconf 88' lang='lat' dir='ltr'>solennia</span> <span class='ocrx_word' id='word_1_343' title='bbox 274 2678 339 2732; x_wconf 83' lang='lat' dir='ltr'>sesto</span> <span class='ocrx_word' id='word_1_344' title='bbox 350 2680 516 2733; x_wconf 87' lang='lat' dir='ltr'>concinimus</span> <span class='ocrx_word' id='word_1_345' title='bbox 526 2679 678 2747; x_wconf 82' lang='lat' dir='ltr'>:supplices</span> <span class='ocrx_word' id='word_1_346' title='bbox 692 2689 717 2734; x_wconf 88' lang='lat' dir='ltr'>te</span> <span class='ocrx_word' id='word_1_347' title='bbox 729 2679 922 2748; x_wconf 84' lang='lat' dir='ltr'>deprecantes:</span> <span class='ocrx_word' id='word_1_348' title='bbox 977 2688 1124 2749; x_wconf 92' lang='lat' dir='ltr'>precepta:</span> <span class='ocrx_word' id='word_1_349' title='bbox 1141 2675 1151 2716; x_wconf 69' lang='grc' dir='ltr'>ί</span> <span class='ocrx_word' id='word_1_350' title='bbox 1175 2679 1202 2732; x_wconf 90' lang='lat' dir='ltr'>in</span> <span class='ocrx_word' id='word_1_351' title='bbox 1216 2677 1301 2731; x_wconf 85' lang='lat' dir='ltr'>altaro</span> <span class='ocrx_word' id='word_1_352' title='bbox 1317 2685 1389 2731; x_wconf 87' lang='lat' dir='ltr'>urum</span> <span class='ocrx_word' id='word_1_353' title='bbox 1405 2676 1524 2744; x_wconf 84' lang='lat' dir='ltr'>panisar</span> <span class='ocrx_word' id='word_1_354' title='bbox 1541 2674 1596 2728; x_wconf 93' lang='lat' dir='ltr'>vini</span> <span class='ocrx_word' id='word_1_355' title='bbox 1613 2671 1766 2727; x_wconf 83' lang='lat' dir='ltr'>boloeansts</span> 
     </span>
     <span class='ocr_line' id='line_1_46' title="bbox 136 2752 1762 2839; baseline -0.005 -18"><span class='ocrx_word' id='word_1_356' title='bbox 136 2776 167 2822; x_wconf 90' lang='lat' dir='ltr'>nt</span> <span class='ocrx_word' id='word_1_357' title='bbox 186 2767 263 2839; x_wconf 82' lang='lat' dir='ltr'>cujus</span> <span class='ocrx_word' id='word_1_358' title='bbox 287 2769 390 2824; x_wconf 89' lang='lat' dir='ltr'>meritis</span> <span class='ocrx_word' id='word_1_359' title='bbox 407 2769 581 2828; x_wconf 57' lang='lat' dir='ltr'>obsequimur</span> <span class='ocrx_word' id='word_1_360' title='bbox 597 2788 603 2822; x_wconf 92' lang='lat'>:</span> <span class='ocrx_word' id='word_1_361' title='bbox 617 2769 676 2838; x_wconf 85' lang='lat' dir='ltr'>ejus</span> <span class='ocrx_word' id='word_1_362' title='bbox 702 2777 728 2823; x_wconf 91' lang='lat' dir='ltr'>te</span> <span class='ocrx_word' id='word_1_363' title='bbox 752 2752 872 2837; x_wconf 76' lang='lat' dir='ltr'>propicio</span> <span class='ocrx_word' id='word_1_364' title='bbox 894 2783 925 2823; x_wconf 88' lang='lat' dir='ltr'>ac</span> <span class='ocrx_word' id='word_1_365' title='bbox 977 2767 1151 2836; x_wconf 88' lang='lat' dir='ltr'>proponimus</span> <span class='ocrx_word' id='word_1_366' title='bbox 1167 2784 1174 2820; x_wconf 77' lang='grc' dir='ltr'><em>ε</em></span> <span class='ocrx_word' id='word_1_367' title='bbox 1190 2775 1218 2822; x_wconf 91' lang='lat' dir='ltr'>et</span> <span class='ocrx_word' id='word_1_368' title='bbox 1230 2765 1256 2820; x_wconf 90' lang='lat' dir='ltr'>in</span> <span class='ocrx_word' id='word_1_369' title='bbox 1271 2764 1555 2820; x_wconf 86' lang='lat' dir='ltr'>commemorationem</span> <span class='ocrx_word' id='word_1_370' title='bbox 1569 2762 1656 2816; x_wconf 89' lang='lat' dir='ltr'>sancti</span> <span class='ocrx_word' id='word_1_371' title='bbox 1671 2760 1720 2815; x_wconf 94' lang='lat' dir='ltr'>tni.</span> <span class='ocrx_word' id='word_1_372' title='bbox 1732 2757 1762 2814; x_wconf 90' lang='lat' dir='ltr'>N.</span> 
     </span>
     <span class='ocr_line' id='line_1_47' title="bbox 134 2843 1764 2932; baseline -0.002 -21"><span class='ocrx_word' id='word_1_373' title='bbox 134 2859 271 2916; x_wconf 87' lang='lat' dir='ltr'>donante:</span> <span class='ocrx_word' id='word_1_374' title='bbox 288 2861 358 2930; x_wconf 88' lang='lat' dir='ltr'>apud</span> <span class='ocrx_word' id='word_1_375' title='bbox 379 2862 548 2916; x_wconf 85' lang='lat' dir='ltr'>clementiam</span> <span class='ocrx_word' id='word_1_376' title='bbox 574 2871 645 2916; x_wconf 84' lang='lat' dir='ltr'>tumn</span> <span class='ocrx_word' id='word_1_377' title='bbox 670 2875 776 2932; x_wconf 87' lang='lat' dir='ltr'>semper</span> <span class='ocrx_word' id='word_1_378' title='bbox 800 2861 926 2932; x_wconf 85' lang='lat' dir='ltr'>precibus</span> <span class='ocrx_word' id='word_1_379' title='bbox 977 2867 1101 2927; x_wconf 85' lang='lat' dir='ltr'>suscepta</span> <span class='ocrx_word' id='word_1_380' title='bbox 1125 2843 1212 2928; x_wconf 84' lang='lat' dir='ltr'>populi</span> <span class='ocrx_word' id='word_1_381' title='bbox 1231 2858 1268 2913; x_wconf 86' lang='lat' dir='ltr'>tui</span> <span class='ocrx_word' id='word_1_382' title='bbox 1291 2873 1337 2928; x_wconf 90' lang='lat' dir='ltr'>por</span> <span class='ocrx_word' id='word_1_383' title='bbox 1355 2856 1404 2912; x_wconf 86' lang='lat' dir='ltr'>bas</span> <span class='ocrx_word' id='word_1_384' title='bbox 1423 2856 1592 2911; x_wconf 86' lang='lat' dir='ltr'>oblationes:</span> <span class='ocrx_word' id='word_1_385' title='bbox 1609 2863 1636 2908; x_wconf 90' lang='lat' dir='ltr'>te</span> <span class='ocrx_word' id='word_1_386' title='bbox 1654 2852 1764 2923; x_wconf 80' lang='lat' dir='ltr'>iubente</span> 
     </span>
     <span class='ocr_line' id='line_1_48' title="bbox 134 2943 1765 3020; baseline -0.004 -17"><span class='ocrx_word' id='word_1_387' title='bbox 134 2949 302 3020; x_wconf 84' lang='lat' dir='ltr'>adjuvemur.</span> <span class='ocrx_word' id='word_1_388' title='bbox 327 2952 363 3014; x_wconf 74' lang='lat' dir='ltr'>ri.</span> <span class='ocrx_word' id='word_1_389' title='bbox 380 2953 475 3007; x_wconf 73' lang='lat' dir='ltr'>Amen.</span> <span class='ocrx_word' id='word_1_390' title='bbox 978 2958 1040 3002; x_wconf 84' lang='lat' dir='ltr'>rota</span> <span class='ocrx_word' id='word_1_391' title='bbox 1055 2947 1200 3003; x_wconf 87' lang='lat' dir='ltr'>delerivuns</span> <span class='ocrx_word' id='word_1_392' title='bbox 1215 2966 1221 3000; x_wconf 79' lang='lat' dir='ltr'>t</span> <span class='ocrx_word' id='word_1_393' title='bbox 1239 2963 1291 3003; x_wconf 89' lang='lat' dir='ltr'>non</span> <span class='ocrx_word' id='word_1_394' title='bbox 1306 2950 1406 3003; x_wconf 88' lang='lat' dir='ltr'>nostris</span> <span class='ocrx_word' id='word_1_395' title='bbox 1424 2948 1549 3001; x_wconf 76' lang='lat' dir='ltr'>riseritis:</span> <span class='ocrx_word' id='word_1_396' title='bbox 1566 2945 1615 2999; x_wconf 85' lang='lat' dir='ltr'>sed</span> <span class='ocrx_word' id='word_1_397' title='bbox 1637 2943 1765 3010; x_wconf 88' lang='lat' dir='ltr'>obsequio</span> 
     </span>
     <span class='ocr_line' id='line_1_49' title="bbox 173 3035 1764 3119; baseline -0.003 -25"><span class='ocrx_word' id='word_1_398' title='bbox 173 3040 236 3095; x_wconf 78' lang='lat' dir='ltr'>Post</span> <span class='ocrx_word' id='word_1_399' title='bbox 262 3043 376 3096; x_wconf 87' lang='lat' dir='ltr'>nomino.</span> <span class='ocrx_word' id='word_1_400' title='bbox 406 3041 508 3097; x_wconf 87' lang='lat' dir='ltr'>Oratio.</span> <span class='ocrx_word' id='word_1_401' title='bbox 532 3042 661 3098; x_wconf 81' lang='lat' dir='ltr'>l‘ietatrm</span> <span class='ocrx_word' id='word_1_402' title='bbox 692 3053 763 3099; x_wconf 87' lang='lat' dir='ltr'>tuam</span> <span class='ocrx_word' id='word_1_403' title='bbox 791 3043 925 3115; x_wconf 87' lang='lat' dir='ltr'>petimus:</span> <span class='ocrx_word' id='word_1_404' title='bbox 978 3041 1094 3111; x_wconf 87' lang='lat' dir='ltr'>euscepti</span> <span class='ocrx_word' id='word_1_405' title='bbox 1108 3042 1199 3097; x_wconf 83' lang='lat' dir='ltr'>orttctt.</span> <span class='ocrx_word' id='word_1_406' title='bbox 1222 3041 1354 3112; x_wconf 77' lang='lat' dir='ltr'>Rogantes</span> <span class='ocrx_word' id='word_1_407' title='bbox 1371 3040 1584 3119; x_wconf 76' lang='lat' dir='ltr'>profusissimam</span> <span class='ocrx_word' id='word_1_408' title='bbox 1598 3047 1645 3093; x_wconf 91' lang='lat' dir='ltr'>tue</span> <span class='ocrx_word' id='word_1_409' title='bbox 1660 3035 1764 3092; x_wconf 84' lang='lat' dir='ltr'>nriseri·</span> 
     </span>
     <span class='ocr_line' id='line_1_50' title="bbox 133 3121 1762 3203; baseline -0.004 -15"><span class='ocrx_word' id='word_1_410' title='bbox 133 3136 296 3200; x_wconf 86' lang='lat' dir='ltr'>sempiterna</span> <span class='ocrx_word' id='word_1_411' title='bbox 311 3135 429 3190; x_wconf 80' lang='lat' dir='ltr'>Tristitas</span> <span class='ocrx_word' id='word_1_412' title='bbox 451 3135 521 3189; x_wconf 88' lang='lat' dir='ltr'>Deus</span> <span class='ocrx_word' id='word_1_413' title='bbox 538 3152 545 3188; x_wconf 91' lang='lat'>:</span> <span class='ocrx_word' id='word_1_414' title='bbox 560 3144 586 3189; x_wconf 87' lang='lat' dir='ltr'>et</span> <span class='ocrx_word' id='word_1_415' title='bbox 606 3136 691 3191; x_wconf 85' lang='lat' dir='ltr'>sancti</span> <span class='ocrx_word' id='word_1_416' title='bbox 716 3136 764 3191; x_wconf 88' lang='lat' dir='ltr'>tui.</span> <span class='ocrx_word' id='word_1_417' title='bbox 786 3136 820 3192; x_wconf 89' lang='lat' dir='ltr'>N.</span> <span class='ocrx_word' id='word_1_418' title='bbox 843 3152 923 3192; x_wconf 84' lang='lat' dir='ltr'>vene·</span> <span class='ocrx_word' id='word_1_419' title='bbox 938 3121 960 3182; x_wconf 74' lang='lat' dir='ltr'>C</span> <span class='ocrx_word' id='word_1_420' title='bbox 976 3133 1067 3189; x_wconf 75' lang='lat' dir='ltr'>terelle</span> <span class='ocrx_word' id='word_1_421' title='bbox 1094 3132 1219 3203; x_wconf 83' lang='lat' dir='ltr'>pietatem</span> <span class='ocrx_word' id='word_1_422' title='bbox 1245 3133 1414 3199; x_wconf 79' lang='lat' dir='ltr'>omnipotens</span> <span class='ocrx_word' id='word_1_423' title='bbox 1428 3129 1497 3185; x_wconf 72' lang='lat' dir='ltr'>Deus</span> <span class='ocrx_word' id='word_1_424' title='bbox 1514 3147 1521 3183; x_wconf 90' lang='lat'>:</span> <span class='ocrx_word' id='word_1_425' title='bbox 1536 3139 1565 3184; x_wconf 89' lang='lat' dir='ltr'>ut</span> <span class='ocrx_word' id='word_1_426' title='bbox 1589 3127 1686 3184; x_wconf 87' lang='lat' dir='ltr'>eotlem</span> <span class='ocrx_word' id='word_1_427' title='bbox 1709 3125 1762 3195; x_wconf 86' lang='lat' dir='ltr'>spi·</span> 
     </span>
     <span class='ocr_line' id='line_1_51' title="bbox 132 3218 1762 3298; baseline -0.005 -20"><span class='ocrx_word' id='word_1_428' title='bbox 132 3235 225 3279; x_wconf 78' lang='lat' dir='ltr'>ratores</span> <span class='ocrx_word' id='word_1_429' title='bbox 246 3239 357 3295; x_wconf 79' lang='lat' dir='ltr'>oporem</span> <span class='ocrx_word' id='word_1_430' title='bbox 374 3242 383 3282; x_wconf 92' lang='lat'>:</span> <span class='ocrx_word' id='word_1_431' title='bbox 399 3227 533 3296; x_wconf 87' lang='lat' dir='ltr'>supplices</span> <span class='ocrx_word' id='word_1_432' title='bbox 558 3227 731 3296; x_wconf 83' lang='lat' dir='ltr'>inmlorarnns</span> <span class='ocrx_word' id='word_1_433' title='bbox 754 3243 763 3284; x_wconf 96' lang='lat'>:</span> <span class='ocrx_word' id='word_1_434' title='bbox 779 3238 807 3283; x_wconf 94' lang='lat' dir='ltr'>ut</span> <span class='ocrx_word' id='word_1_435' title='bbox 830 3244 923 3298; x_wconf 81' lang='lat' dir='ltr'>preces</span> <span class='ocrx_word' id='word_1_436' title='bbox 976 3229 1028 3280; x_wconf 92' lang='lat' dir='ltr'>ritu</span> <span class='ocrx_word' id='word_1_437' title='bbox 1041 3243 1048 3278; x_wconf 91' lang='lat'>:</span> <span class='ocrx_word' id='word_1_438' title='bbox 1060 3240 1112 3291; x_wconf 73' lang='lat' dir='ltr'>rino</span> <span class='ocrx_word' id='word_1_439' title='bbox 1126 3232 1151 3279; x_wconf 91' lang='lat' dir='ltr'>te</span> <span class='ocrx_word' id='word_1_440' title='bbox 1165 3224 1191 3279; x_wconf 91' lang='lat' dir='ltr'>in</span> <span class='ocrx_word' id='word_1_441' title='bbox 1206 3240 1287 3279; x_wconf 89' lang='lat' dir='ltr'>carne</span> <span class='ocrx_word' id='word_1_442' title='bbox 1299 3224 1437 3293; x_wconf 73' lang='lat' dir='ltr'>virginitas</span> <span class='ocrx_word' id='word_1_443' title='bbox 1452 3223 1604 3290; x_wconf 86' lang='lat' dir='ltr'>incorrupta</span> <span class='ocrx_word' id='word_1_444' title='bbox 1619 3218 1762 3289; x_wconf 67' lang='lat' dir='ltr'>concepit:</span> 
     </span>
     <span class='ocr_line' id='line_1_52' title="bbox 132 3310 1740 3390; baseline -0.001 -25"><span class='ocrx_word' id='word_1_445' title='bbox 132 3316 253 3370; x_wconf 86' lang='lat' dir='ltr'>omnium</span> <span class='ocrx_word' id='word_1_446' title='bbox 280 3322 427 3374; x_wconf 81' lang='lat' dir='ltr'>clernentrr</span> <span class='ocrx_word' id='word_1_447' title='bbox 449 3320 564 3388; x_wconf 74' lang='lat' dir='ltr'>accipias</span> <span class='ocrx_word' id='word_1_448' title='bbox 586 3335 593 3374; x_wconf 91' lang='lat'>:</span> <span class='ocrx_word' id='word_1_449' title='bbox 616 3329 644 3374; x_wconf 90' lang='lat' dir='ltr'>et</span> <span class='ocrx_word' id='word_1_450' title='bbox 670 3320 794 3375; x_wconf 88' lang='lat' dir='ltr'>omnibus</span> <span class='ocrx_word' id='word_1_451' title='bbox 816 3335 923 3390; x_wconf 73' lang='lat' dir='ltr'>peccata</span> <span class='ocrx_word' id='word_1_452' title='bbox 978 3316 1027 3370; x_wconf 89' lang='lat' dir='ltr'>bas</span> <span class='ocrx_word' id='word_1_453' title='bbox 1040 3314 1141 3371; x_wconf 82' lang='lat' dir='ltr'>hostias</span> <span class='ocrx_word' id='word_1_454' title='bbox 1151 3314 1268 3371; x_wconf 80' lang='lat' dir='ltr'>Trinitas</span> <span class='ocrx_word' id='word_1_455' title='bbox 1281 3314 1397 3370; x_wconf 86' lang='lat' dir='ltr'>indivisa</span> <span class='ocrx_word' id='word_1_456' title='bbox 1411 3312 1570 3367; x_wconf 81' lang='lat' dir='ltr'>sanetilicet.</span> <span class='ocrx_word' id='word_1_457' title='bbox 1591 3310 1629 3378; x_wconf 72' lang='lat' dir='ltr'>vi.</span> <span class='ocrx_word' id='word_1_458' title='bbox 1645 3310 1740 3363; x_wconf 78' lang='lat' dir='ltr'>Amen.</span> 
     </span>
     <span class='ocr_line' id='line_1_53' title="bbox 133 3405 1409 3482; baseline -0.002 -21"><span class='ocrx_word' id='word_1_459' title='bbox 133 3409 262 3464; x_wconf 85' lang='lat' dir='ltr'>dirnittas.</span> <span class='ocrx_word' id='word_1_460' title='bbox 287 3410 371 3480; x_wconf 81' lang='lat' dir='ltr'>Atque</span> <span class='ocrx_word' id='word_1_461' title='bbox 386 3409 423 3466; x_wconf 88' lang='lat' dir='ltr'>lta</span> <span class='ocrx_word' id='word_1_462' title='bbox 439 3411 485 3465; x_wconf 87' lang='lat' dir='ltr'>tibi</span> <span class='ocrx_word' id='word_1_463' title='bbox 506 3413 541 3465; x_wconf 82' lang='lat' dir='ltr'>sit</span> <span class='ocrx_word' id='word_1_464' title='bbox 554 3410 722 3465; x_wconf 88' lang='lat' dir='ltr'>ollerentium</span> <span class='ocrx_word' id='word_1_465' title='bbox 743 3413 853 3467; x_wconf 81' lang='lat' dir='ltr'>deuotio</span> <span class='ocrx_word' id='word_1_466' title='bbox 869 3413 924 3482; x_wconf 90' lang='lat' dir='ltr'>pla·</span> <span class='ocrx_word' id='word_1_467' title='bbox 1011 3409 1051 3461; x_wconf 74' lang='grc' dir='ltr'>Αιι</span> <span class='ocrx_word' id='word_1_468' title='bbox 1074 3407 1212 3461; x_wconf 86' lang='lat' dir='ltr'>arationem</span> <span class='ocrx_word' id='word_1_469' title='bbox 1239 3405 1409 3461; x_wconf 83' lang='lat' dir='ltr'>Dourioicam.</span> 
     </span>
     <span class='ocr_line' id='line_1_54' title="bbox 133 3492 1767 3571; baseline -0.004 -19"><span class='ocrx_word' id='word_1_470' title='bbox 133 3497 185 3553; x_wconf 87' lang='lat' dir='ltr'>cita</span> <span class='ocrx_word' id='word_1_471' title='bbox 203 3516 210 3554; x_wconf 75' lang='grc' dir='ltr'>ι</span> <span class='ocrx_word' id='word_1_472' title='bbox 227 3509 255 3553; x_wconf 89' lang='grc' dir='ltr'>ιιι</span> <span class='ocrx_word' id='word_1_473' title='bbox 276 3500 406 3556; x_wconf 88' lang='lat' dir='ltr'>delunetis</span> <span class='ocrx_word' id='word_1_474' title='bbox 430 3501 512 3556; x_wconf 90' lang='lat' dir='ltr'>etiam</span> <span class='ocrx_word' id='word_1_475' title='bbox 528 3501 634 3568; x_wconf 86' lang='lat' dir='ltr'>requies</span> <span class='ocrx_word' id='word_1_476' title='bbox 659 3511 794 3571; x_wconf 86' lang='lat' dir='ltr'>prestetur</span> <span class='ocrx_word' id='word_1_477' title='bbox 817 3512 920 3557; x_wconf 89' lang='lat' dir='ltr'>eterna.</span> <span class='ocrx_word' id='word_1_478' title='bbox 1010 3497 1077 3554; x_wconf 85' lang='lat' dir='ltr'>Cum</span> <span class='ocrx_word' id='word_1_479' title='bbox 1089 3499 1115 3553; x_wconf 89' lang='lat' dir='ltr'>in</span> <span class='ocrx_word' id='word_1_480' title='bbox 1126 3499 1238 3554; x_wconf 90' lang='lat' dir='ltr'>ecclesia</span> <span class='ocrx_word' id='word_1_481' title='bbox 1251 3508 1293 3553; x_wconf 91' lang='lat' dir='ltr'>tua</span> <span class='ocrx_word' id='word_1_482' title='bbox 1310 3498 1420 3553; x_wconf 61' lang='lat' dir='ltr'>bertuino</span> <span class='ocrx_word' id='word_1_483' title='bbox 1435 3495 1587 3551; x_wconf 87' lang='lat' dir='ltr'>noverimus</span> <span class='ocrx_word' id='word_1_484' title='bbox 1601 3495 1627 3548; x_wconf 93' lang='lat' dir='ltr'>in</span> <span class='ocrx_word' id='word_1_485' title='bbox 1640 3492 1767 3546; x_wconf 83' lang='lat' dir='ltr'>memoria</span> 
     </span>
     <span class='ocr_line' id='line_1_55' title="bbox 139 3581 1767 3662; baseline -0.01 -9"><span class='ocrx_word' id='word_1_486' title='bbox 139 3594 176 3660; x_wconf 80' lang='lat' dir='ltr'>ti·</span> <span class='ocrx_word' id='word_1_487' title='bbox 195 3591 290 3643; x_wconf 78' lang='lat' dir='ltr'>timon.</span> <span class='ocrx_word' id='word_1_488' title='bbox 976 3598 1067 3647; x_wconf 85' lang='lat' dir='ltr'>eterna</span> <span class='ocrx_word' id='word_1_489' title='bbox 1079 3606 1139 3647; x_wconf 91' lang='lat' dir='ltr'>csse</span> <span class='ocrx_word' id='word_1_490' title='bbox 1156 3589 1256 3662; x_wconf 83' lang='lat' dir='ltr'>justum</span> <span class='ocrx_word' id='word_1_491' title='bbox 1272 3611 1278 3644; x_wconf 93' lang='lat'>:</span> <span class='ocrx_word' id='word_1_492' title='bbox 1295 3600 1307 3635; x_wconf 75' lang='grc' dir='ltr'>ι</span> <span class='ocrx_word' id='word_1_493' title='bbox 1324 3606 1375 3644; x_wconf 91' lang='lat' dir='ltr'>non</span> <span class='ocrx_word' id='word_1_494' title='bbox 1389 3606 1436 3660; x_wconf 84' lang='lat' dir='ltr'>pro</span> <span class='ocrx_word' id='word_1_495' title='bbox 1448 3591 1539 3644; x_wconf 84' lang='lat' dir='ltr'>illins:</span> <span class='ocrx_word' id='word_1_496' title='bbox 1556 3587 1604 3644; x_wconf 91' lang='lat' dir='ltr'>sed</span> <span class='ocrx_word' id='word_1_497' title='bbox 1623 3600 1672 3656; x_wconf 91' lang='lat' dir='ltr'>pro</span> <span class='ocrx_word' id='word_1_498' title='bbox 1685 3581 1767 3639; x_wconf 77' lang='lat' dir='ltr'>nostri</span> 
     </span>
     <span class='ocr_line' id='line_1_56' title="bbox 171 3675 1766 3750; baseline -0.003 -16"><span class='ocrx_word' id='word_1_499' title='bbox 171 3681 210 3734; x_wconf 76' lang='lat' dir='ltr'>Ad</span> <span class='ocrx_word' id='word_1_500' title='bbox 225 3696 322 3750; x_wconf 78' lang='lat' dir='ltr'>perron.</span> <span class='ocrx_word' id='word_1_501' title='bbox 344 3680 443 3733; x_wconf 84' lang='lat' dir='ltr'>Oratio.</span> <span class='ocrx_word' id='word_1_502' title='bbox 464 3679 550 3746; x_wconf 77' lang='lat' dir='ltr'>ilerde</span> <span class='ocrx_word' id='word_1_503' title='bbox 562 3694 612 3734; x_wconf 88' lang='lat' dir='ltr'>nos</span> <span class='ocrx_word' id='word_1_504' title='bbox 626 3675 795 3737; x_wconf 82' lang='lat' dir='ltr'>bouvineme</span> <span class='ocrx_word' id='word_1_505' title='bbox 811 3682 883 3750; x_wconf 90' lang='lat' dir='ltr'>pacis</span> <span class='ocrx_word' id='word_1_506' title='bbox 896 3689 923 3739; x_wconf 91' lang='lat' dir='ltr'>et</span> <span class='ocrx_word' id='word_1_507' title='bbox 975 3680 1210 3737; x_wconf 78' lang='lat' dir='ltr'>comprendatione</span> <span class='ocrx_word' id='word_1_508' title='bbox 1236 3698 1243 3735; x_wconf 91' lang='lat'>:</span> <span class='ocrx_word' id='word_1_509' title='bbox 1269 3682 1319 3736; x_wconf 90' lang='lat' dir='ltr'>bne</span> <span class='ocrx_word' id='word_1_510' title='bbox 1343 3682 1388 3735; x_wconf 91' lang='lat' dir='ltr'>tibi</span> <span class='ocrx_word' id='word_1_511' title='bbox 1410 3680 1548 3735; x_wconf 87' lang='lat' dir='ltr'>oilerimus</span> <span class='ocrx_word' id='word_1_512' title='bbox 1570 3677 1766 3732; x_wconf 84' lang='lat' dir='ltr'>bolocanstnav.</span> 
     </span>
     <span class='ocr_line' id='line_1_57' title="bbox 132 3767 1767 3846; baseline -0.001 -24"><span class='ocrx_word' id='word_1_513' title='bbox 132 3770 282 3824; x_wconf 85' lang='lat' dir='ltr'>rlulcedinis</span> <span class='ocrx_word' id='word_1_514' title='bbox 296 3768 366 3822; x_wconf 89' lang='lat' dir='ltr'>duno</span> <span class='ocrx_word' id='word_1_515' title='bbox 381 3785 389 3823; x_wconf 76' lang='grc' dir='ltr'>ι</span> <span class='ocrx_word' id='word_1_516' title='bbox 406 3778 434 3822; x_wconf 93' lang='lat' dir='ltr'>nt</span> <span class='ocrx_word' id='word_1_517' title='bbox 456 3767 541 3838; x_wconf 90' lang='lat' dir='ltr'>quiin</span> <span class='ocrx_word' id='word_1_518' title='bbox 558 3768 608 3824; x_wconf 90' lang='lat' dir='ltr'>boc</span> <span class='ocrx_word' id='word_1_519' title='bbox 634 3770 678 3826; x_wconf 84' lang='lat' dir='ltr'>die</span> <span class='ocrx_word' id='word_1_520' title='bbox 693 3772 845 3826; x_wconf 89' lang='lat' dir='ltr'>amabiliter</span> <span class='ocrx_word' id='word_1_521' title='bbox 855 3772 925 3827; x_wconf 84' lang='lat' dir='ltr'>blar-</span> <span class='ocrx_word' id='word_1_522' title='bbox 976 3773 1102 3831; x_wconf 75' lang='lat' dir='ltr'>Petentes</span> <span class='ocrx_word' id='word_1_523' title='bbox 1119 3792 1127 3828; x_wconf 90' lang='lat'>:</span> <span class='ocrx_word' id='word_1_524' title='bbox 1143 3784 1171 3830; x_wconf 91' lang='lat' dir='ltr'>ut</span> <span class='ocrx_word' id='word_1_525' title='bbox 1185 3773 1298 3846; x_wconf 74' lang='lat' dir='ltr'>quirius</span> <span class='ocrx_word' id='word_1_526' title='bbox 1313 3776 1429 3829; x_wconf 90' lang='lat' dir='ltr'>animam</span> <span class='ocrx_word' id='word_1_527' title='bbox 1440 3773 1523 3827; x_wconf 79' lang='lat' dir='ltr'>iecisti</span> <span class='ocrx_word' id='word_1_528' title='bbox 1535 3773 1561 3827; x_wconf 91' lang='lat' dir='ltr'>in</span> <span class='ocrx_word' id='word_1_529' title='bbox 1575 3771 1701 3837; x_wconf 83' lang='lat' dir='ltr'>passione</span> <span class='ocrx_word' id='word_1_530' title='bbox 1714 3769 1767 3822; x_wconf 84' lang='lat' dir='ltr'>vie·</span> 
     </span>
     <span class='ocr_line' id='line_1_58' title="bbox 131 3857 1768 3933; baseline -0.001 -19"><span class='ocrx_word' id='word_1_531' title='bbox 131 3858 196 3928; x_wconf 73' lang='lat' dir='ltr'>tyris</span> <span class='ocrx_word' id='word_1_532' title='bbox 212 3859 260 3912; x_wconf 93' lang='lat' dir='ltr'>tui.</span> <span class='ocrx_word' id='word_1_533' title='bbox 276 3857 308 3912; x_wconf 93' lang='lat' dir='ltr'>N.</span> <span class='ocrx_word' id='word_1_534' title='bbox 324 3873 483 3913; x_wconf 85' lang='lat' dir='ltr'>veneramur</span> <span class='ocrx_word' id='word_1_535' title='bbox 497 3859 659 3927; x_wconf 89' lang='lat' dir='ltr'>triumplvnm</span> <span class='ocrx_word' id='word_1_536' title='bbox 677 3862 847 3932; x_wconf 85' lang='lat' dir='ltr'>:martyriali</span> <span class='ocrx_word' id='word_1_537' title='bbox 863 3877 926 3933; x_wconf 89' lang='lat' dir='ltr'>per·</span> <span class='ocrx_word' id='word_1_538' title='bbox 976 3870 1068 3923; x_wconf 88' lang='lat' dir='ltr'>tricem</span> <span class='ocrx_word' id='word_1_539' title='bbox 1085 3884 1093 3924; x_wconf 93' lang='lat'>:</span> <span class='ocrx_word' id='word_1_540' title='bbox 1108 3877 1226 3922; x_wconf 87' lang='lat' dir='ltr'>nostrum</span> <span class='ocrx_word' id='word_1_541' title='bbox 1243 3877 1331 3921; x_wconf 88' lang='lat' dir='ltr'>votum</span> <span class='ocrx_word' id='word_1_542' title='bbox 1346 3867 1448 3922; x_wconf 83' lang='lat' dir='ltr'>cilicias</span> <span class='ocrx_word' id='word_1_543' title='bbox 1463 3866 1488 3918; x_wconf 92' lang='lat' dir='ltr'>in</span> <span class='ocrx_word' id='word_1_544' title='bbox 1503 3860 1768 3919; x_wconf 81' lang='lat' dir='ltr'>eooteostooevtcro·</span> 
     </span>
     <span class='ocr_line' id='line_1_59' title="bbox 132 3948 1768 4027; baseline -0.004 -21"><span class='ocrx_word' id='word_1_545' title='bbox 132 3950 253 4006; x_wconf 84' lang='lat' dir='ltr'>siciamus</span> <span class='ocrx_word' id='word_1_546' title='bbox 266 3949 373 4004; x_wconf 80' lang='lat' dir='ltr'>atteem</span> <span class='ocrx_word' id='word_1_547' title='bbox 399 3948 432 4003; x_wconf 79' lang='lat' dir='ltr'>Et</span> <span class='ocrx_word' id='word_1_548' title='bbox 446 3948 492 4020; x_wconf 90' lang='lat' dir='ltr'>qui</span> <span class='ocrx_word' id='word_1_549' title='bbox 505 3949 591 4005; x_wconf 90' lang='lat' dir='ltr'>eidem</span> <span class='ocrx_word' id='word_1_550' title='bbox 607 3949 708 4006; x_wconf 87' lang='lat' dir='ltr'>Snrrctu</span> <span class='ocrx_word' id='word_1_551' title='bbox 725 3959 772 4004; x_wconf 90' lang='lat' dir='ltr'>tuo</span> <span class='ocrx_word' id='word_1_552' title='bbox 789 3951 924 4022; x_wconf 84' lang='lat' dir='ltr'>impendi·</span> <span class='ocrx_word' id='word_1_553' title='bbox 975 3957 1110 4024; x_wconf 76' lang='lat' dir='ltr'>remorto</span> <span class='ocrx_word' id='word_1_554' title='bbox 1118 3957 1213 4012; x_wconf 86' lang='lat' dir='ltr'>eodem</span> <span class='ocrx_word' id='word_1_555' title='bbox 1225 3955 1389 4027; x_wconf 77' lang='lat' dir='ltr'>sorbo-aqante</span> <span class='ocrx_word' id='word_1_556' title='bbox 1399 3955 1545 4010; x_wconf 85' lang='lat' dir='ltr'>clamorem</span> <span class='ocrx_word' id='word_1_557' title='bbox 1553 3950 1768 4018; x_wconf 81' lang='lat' dir='ltr'>anstreaccipias</span> 
     </span>
     <span class='ocr_line' id='line_1_60' title="bbox 976 4042 1767 4118; baseline -0.01 -18"><span class='ocrx_word' id='word_1_558' title='bbox 976 4047 1049 4101; x_wconf 90' lang='lat' dir='ltr'>vocis</span> <span class='ocrx_word' id='word_1_559' title='bbox 1066 4061 1140 4116; x_wconf 89' lang='lat' dir='ltr'>:que</span> <span class='ocrx_word' id='word_1_560' title='bbox 1163 4047 1272 4118; x_wconf 76' lang='lat' dir='ltr'>iubente</span> <span class='ocrx_word' id='word_1_561' title='bbox 1294 4046 1407 4101; x_wconf 88' lang='lat' dir='ltr'>dicimus</span> <span class='ocrx_word' id='word_1_562' title='bbox 1427 4059 1443 4100; x_wconf 92' lang='lat' dir='ltr'>e</span> <span class='ocrx_word' id='word_1_563' title='bbox 1465 4043 1554 4099; x_wconf 88' lang='lat' dir='ltr'>terris.</span> <span class='ocrx_word' id='word_1_564' title='bbox 1572 4042 1651 4097; x_wconf 84' lang='lat' dir='ltr'>Pater</span> <span class='ocrx_word' id='word_1_565' title='bbox 1666 4051 1767 4096; x_wconf 86' lang='lat' dir='ltr'>uester.</span> 
     </span>
     <span class='ocr_line' id='line_1_61' title="bbox 1012 4133 1766 4196; baseline -0.007 -5"><span class='ocrx_word' id='word_1_566' title='bbox 1012 4137 1087 4192; x_wconf 80' lang='lat' dir='ltr'>Dicat</span> <span class='ocrx_word' id='word_1_567' title='bbox 1101 4138 1193 4194; x_wconf 83' lang='lat' dir='ltr'>Presb.</span> <span class='ocrx_word' id='word_1_568' title='bbox 1208 4140 1352 4196; x_wconf 85' lang='lat' dir='ltr'>llumiliate</span> <span class='ocrx_word' id='word_1_569' title='bbox 1366 4153 1413 4193; x_wconf 88' lang='lat' dir='ltr'>vus</span> <span class='ocrx_word' id='word_1_570' title='bbox 1428 4134 1622 4192; x_wconf 87' lang='lat' dir='ltr'>benedictioni.</span> <span class='ocrx_word' id='word_1_571' title='bbox 1637 4133 1766 4188; x_wconf 80' lang='lat' dir='ltr'>Dominus</span> 
     </span>
     <span class='ocr_line' id='line_1_62' title="bbox 174 4224 1661 4301; baseline -0.011 -9"><span class='ocrx_word' id='word_1_572' title='bbox 174 4224 212 4292; x_wconf 74' lang='lat' dir='ltr'>ll·</span> <span class='ocrx_word' id='word_1_573' title='bbox 232 4226 328 4278; x_wconf 64' lang='lat' dir='ltr'>Amen·</span> <span class='ocrx_word' id='word_1_574' title='bbox 976 4231 1011 4284; x_wconf 88' lang='lat' dir='ltr'>sit</span> <span class='ocrx_word' id='word_1_575' title='bbox 1025 4245 1132 4301; x_wconf 86' lang='lat' dir='ltr'>semper</span> <span class='ocrx_word' id='word_1_576' title='bbox 1143 4232 1289 4287; x_wconf 89' lang='lat' dir='ltr'>vobiscum.</span> <span class='ocrx_word' id='word_1_577' title='bbox 1316 4231 1353 4298; x_wconf 74' lang='lat' dir='ltr'>ri.</span> <span class='ocrx_word' id='word_1_578' title='bbox 1372 4231 1475 4284; x_wconf 81' lang='lat' dir='ltr'>Etcum</span> <span class='ocrx_word' id='word_1_579' title='bbox 1490 4227 1586 4296; x_wconf 84' lang='lat' dir='ltr'>spiritu</span> <span class='ocrx_word' id='word_1_580' title='bbox 1602 4236 1661 4279; x_wconf 88' lang='lat' dir='ltr'>tuo.</span> 
     </span>
     <span class='ocr_line' id='line_1_63' title="bbox 170 4315 1767 4390; baseline -0.004 -16"><span class='ocrx_word' id='word_1_581' title='bbox 170 4315 275 4374; x_wconf 81' lang='lat' dir='ltr'>littorio.</span> <span class='ocrx_word' id='word_1_582' title='bbox 297 4318 410 4388; x_wconf 80' lang='lat' dir='ltr'>Dignum</span> <span class='ocrx_word' id='word_1_583' title='bbox 422 4325 450 4372; x_wconf 94' lang='lat' dir='ltr'>et</span> <span class='ocrx_word' id='word_1_584' title='bbox 460 4317 563 4387; x_wconf 88' lang='lat' dir='ltr'>justnnr</span> <span class='ocrx_word' id='word_1_585' title='bbox 577 4327 617 4372; x_wconf 87' lang='lat' dir='ltr'>est</span> <span class='ocrx_word' id='word_1_586' title='bbox 633 4333 751 4390; x_wconf 90' lang='lat' dir='ltr'>:eqvmm</span> <span class='ocrx_word' id='word_1_587' title='bbox 765 4331 791 4374; x_wconf 88' lang='lat' dir='ltr'>et</span> <span class='ocrx_word' id='word_1_588' title='bbox 806 4320 924 4376; x_wconf 78' lang='lat' dir='ltr'>salutare</span> <span class='ocrx_word' id='word_1_589' title='bbox 977 4321 1174 4378; x_wconf 67' lang='grc' dir='ltr'>ι’Βιιιιιιιιιιι</span> <span class='ocrx_word' id='word_1_590' title='bbox 1207 4323 1330 4378; x_wconf 85' lang='lat' dir='ltr'>Cirristns</span> <span class='ocrx_word' id='word_1_591' title='bbox 1356 4322 1485 4376; x_wconf 83' lang='lat' dir='ltr'>Dominus</span> <span class='ocrx_word' id='word_1_592' title='bbox 1499 4336 1506 4372; x_wconf 91' lang='lat'>:</span> <span class='ocrx_word' id='word_1_593' title='bbox 1519 4319 1563 4386; x_wconf 89' lang='lat' dir='ltr'>qul</span> <span class='ocrx_word' id='word_1_594' title='bbox 1591 4315 1701 4387; x_wconf 78' lang='lat' dir='ltr'>Nartyrl</span> <span class='ocrx_word' id='word_1_595' title='bbox 1721 4324 1767 4367; x_wconf 84' lang='lat' dir='ltr'>sna</span> 
     </span>
     <span class='ocr_line' id='line_1_64' title="bbox 132 4406 1766 4485; baseline -0.006 -18"><span class='ocrx_word' id='word_1_596' title='bbox 132 4421 174 4468; x_wconf 88' lang='lat' dir='ltr'>est</span> <span class='ocrx_word' id='word_1_597' title='bbox 188 4432 194 4467; x_wconf 88' lang='lat'>:</span> <span class='ocrx_word' id='word_1_598' title='bbox 210 4423 236 4469; x_wconf 91' lang='lat' dir='ltr'>te</span> <span class='ocrx_word' id='word_1_599' title='bbox 247 4411 384 4468; x_wconf 86' lang='lat' dir='ltr'>iucenlnsa</span> <span class='ocrx_word' id='word_1_600' title='bbox 394 4410 509 4466; x_wconf 88' lang='lat' dir='ltr'>Trinitas</span> <span class='ocrx_word' id='word_1_601' title='bbox 522 4427 530 4466; x_wconf 91' lang='lat'>:</span> <span class='ocrx_word' id='word_1_602' title='bbox 541 4421 568 4468; x_wconf 91' lang='lat' dir='ltr'>et</span> <span class='ocrx_word' id='word_1_603' title='bbox 581 4414 661 4466; x_wconf 91' lang='lat' dir='ltr'>unius</span> <span class='ocrx_word' id='word_1_604' title='bbox 671 4415 790 4469; x_wconf 88' lang='lat' dir='ltr'>essentie</span> <span class='ocrx_word' id='word_1_605' title='bbox 805 4412 921 4469; x_wconf 89' lang='lat' dir='ltr'>indivisa</span> <span class='ocrx_word' id='word_1_606' title='bbox 977 4411 1010 4469; x_wconf 87' lang='grc' dir='ltr'>Ν.</span> <span class='ocrx_word' id='word_1_607' title='bbox 1025 4415 1142 4485; x_wconf 89' lang='lat' dir='ltr'>patiendi</span> <span class='ocrx_word' id='word_1_608' title='bbox 1155 4415 1269 4470; x_wconf 88' lang='lat' dir='ltr'>eontulit</span> <span class='ocrx_word' id='word_1_609' title='bbox 1283 4424 1373 4470; x_wconf 89' lang='lat' dir='ltr'>votum</span> <span class='ocrx_word' id='word_1_610' title='bbox 1387 4431 1395 4468; x_wconf 90' lang='lat'>:</span> <span class='ocrx_word' id='word_1_611' title='bbox 1411 4412 1564 4483; x_wconf 88' lang='lat' dir='ltr'>patientiam</span> <span class='ocrx_word' id='word_1_612' title='bbox 1579 4408 1658 4464; x_wconf 82' lang='lat' dir='ltr'>vobis</span> <span class='ocrx_word' id='word_1_613' title='bbox 1668 4406 1766 4462; x_wconf 75' lang='lat' dir='ltr'>tribuat</span> 
     </span>
    </p>
   </div>
   <div class='ocr_carea' id='block_1_13' title="bbox 132 4039 924 4188">
    <p class='ocr_par' dir='ltr' id='par_1_17' title="bbox 132 4039 924 4188">
     <span class='ocr_line' id='line_1_65' title="bbox 133 4039 924 4111; baseline 0.008 -17"><span class='ocrx_word' id='word_1_614' title='bbox 133 4055 194 4095; x_wconf 86' lang='lat' dir='ltr'>mm</span> <span class='ocrx_word' id='word_1_615' title='bbox 209 4039 354 4109; x_wconf 83' lang='lat' dir='ltr'>obsequele</span> <span class='ocrx_word' id='word_1_616' title='bbox 368 4039 496 4095; x_wconf 89' lang='lat' dir='ltr'>bormrem</span> <span class='ocrx_word' id='word_1_617' title='bbox 513 4055 521 4093; x_wconf 91' lang='lat'>:</span> <span class='ocrx_word' id='word_1_618' title='bbox 536 4042 594 4111; x_wconf 84' lang='lat' dir='ltr'>ejus</span> <span class='ocrx_word' id='word_1_619' title='bbox 610 4041 734 4111; x_wconf 88' lang='lat' dir='ltr'>precibus</span> <span class='ocrx_word' id='word_1_620' title='bbox 753 4057 801 4111; x_wconf 91' lang='lat' dir='ltr'>per</span> <span class='ocrx_word' id='word_1_621' title='bbox 819 4051 846 4099; x_wconf 89' lang='lat' dir='ltr'>te</span> <span class='ocrx_word' id='word_1_622' title='bbox 869 4043 924 4100; x_wconf 92' lang='lat' dir='ltr'>lru·</span> 
     </span>
     <span class='ocr_line' id='line_1_66' title="bbox 132 4130 478 4188; baseline -0.003 -1"><span class='ocrx_word' id='word_1_623' title='bbox 132 4132 282 4188; x_wconf 87' lang='lat' dir='ltr'>criticemus</span> <span class='ocrx_word' id='word_1_624' title='bbox 295 4130 321 4186; x_wconf 94' lang='lat' dir='ltr'>in</span> <span class='ocrx_word' id='word_1_625' title='bbox 336 4130 478 4186; x_wconf 89' lang='lat' dir='ltr'>elraritate.</span> 
     </span>
    </p>
   </div>
   <div class='ocr_carea' id='block_1_14' title="bbox 132 4585 1767 5576">
    <p class='ocr_par' dir='ltr' id='par_1_18' title="bbox 132 4585 1767 5576">
     <span class='ocr_line' id='line_1_67' title="bbox 168 4585 1764 4662; baseline -0.013 -7"><span class='ocrx_word' id='word_1_626' title='bbox 168 4591 294 4645; x_wconf 71' lang='lat' dir='ltr'>*bonde</span> <span class='ocrx_word' id='word_1_627' title='bbox 311 4589 354 4644; x_wconf 79' lang='lat' dir='ltr'>l‘s·</span> <span class='ocrx_word' id='word_1_628' title='bbox 371 4604 446 4650; x_wconf 67' lang='lat'>¹0¹¹.</span> <span class='ocrx_word' id='word_1_629' title='bbox 468 4588 512 4642; x_wconf 65' lang='lat'>¹2·</span> <span class='ocrx_word' id='word_1_630' title='bbox 934 4589 1081 4656; x_wconf 78' lang='lat' dir='ltr'>Dllcinm,</span> <span class='ocrx_word' id='word_1_631' title='bbox 1112 4602 1140 4647; x_wconf 88' lang='grc' dir='ltr'>ιιι</span> <span class='ocrx_word' id='word_1_632' title='bbox 1162 4594 1214 4647; x_wconf 81' lang='lat' dir='ltr'>rtttr</span> <span class='ocrx_word' id='word_1_633' title='bbox 1241 4591 1360 4662; x_wconf 72' lang='lat' dir='ltr'>proficiat</span> <span class='ocrx_word' id='word_1_634' title='bbox 1389 4590 1424 4642; x_wconf 86' lang='lat' dir='ltr'>orl</span> <span class='ocrx_word' id='word_1_635' title='bbox 1449 4588 1590 4652; x_wconf 82' lang='lat' dir='ltr'>bonorem,</span> <span class='ocrx_word' id='word_1_636' title='bbox 1615 4585 1690 4639; x_wconf 74' lang='lat' dir='ltr'>nabis</span> <span class='ocrx_word' id='word_1_637' title='bbox 1719 4600 1764 4636; x_wconf 87' lang='lat' dir='ltr'>rvr·</span> 
     </span>
     <span class='ocr_line' id='line_1_68' title="bbox 168 4654 1764 4732; baseline -0.006 -15"><span class='ocrx_word' id='word_1_638' title='bbox 168 4662 182 4702; x_wconf 57' lang='grc' dir='ltr'>ὓ</span> <span class='ocrx_word' id='word_1_639' title='bbox 198 4662 371 4732; x_wconf 75' lang='lat' dir='ltr'>Sacrificium.</span> <span class='ocrx_word' id='word_1_640' title='bbox 386 4660 423 4714; x_wconf 82' lang='lat' dir='ltr'>Er</span> <span class='ocrx_word' id='word_1_641' title='bbox 436 4658 545 4715; x_wconf 82' lang='lat' dir='ltr'>Daniele</span> <span class='ocrx_word' id='word_1_642' title='bbox 557 4675 604 4729; x_wconf 84' lang='lat' dir='ltr'>sn,</span> <span class='ocrx_word' id='word_1_643' title='bbox 619 4659 645 4716; x_wconf 78' lang='lat'>5.</span> <span class='ocrx_word' id='word_1_644' title='bbox 666 4659 755 4728; x_wconf 75' lang='lat' dir='ltr'>i-lix</span> <span class='ocrx_word' id='word_1_645' title='bbox 773 4660 921 4731; x_wconf 85' lang='lat' dir='ltr'>Sapientia,</span> <span class='ocrx_word' id='word_1_646' title='bbox 977 4671 1026 4715; x_wconf 86' lang='lat' dir='ltr'>tens</span> <span class='ocrx_word' id='word_1_647' title='bbox 1045 4664 1080 4716; x_wconf 79' lang='lat' dir='ltr'>od</span> <span class='ocrx_word' id='word_1_648' title='bbox 1092 4663 1222 4727; x_wconf 75' lang='lat' dir='ltr'>solertem,</span> <span class='ocrx_word' id='word_1_649' title='bbox 1244 4671 1274 4718; x_wconf 90' lang='lat' dir='ltr'>nt</span> <span class='ocrx_word' id='word_1_650' title='bbox 1288 4660 1407 4731; x_wconf 91' lang='lat' dir='ltr'>quotidie</span> <span class='ocrx_word' id='word_1_651' title='bbox 1429 4659 1454 4713; x_wconf 94' lang='lat' dir='ltr'>in</span> <span class='ocrx_word' id='word_1_652' title='bbox 1470 4659 1550 4712; x_wconf 87' lang='lat' dir='ltr'>missa</span> <span class='ocrx_word' id='word_1_653' title='bbox 1575 4654 1702 4710; x_wconf 86' lang='lat' dir='ltr'>dicimus.</span> <span class='ocrx_word' id='word_1_654' title='bbox 1718 4654 1764 4708; x_wconf 79' lang='lat' dir='ltr'>lic·</span> 
     </span>
     <span class='ocr_line' id='line_1_69' title="bbox 132 4723 1765 4802; baseline -0.011 -5"><span class='ocrx_word' id='word_1_655' title='bbox 132 4748 177 4797; x_wconf 69' lang='lat'>1¹¹,</span> <span class='ocrx_word' id='word_1_656' title='bbox 193 4732 221 4789; x_wconf 80' lang='lat'>7·</span> <span class='ocrx_word' id='word_1_657' title='bbox 977 4731 1058 4787; x_wconf 89' lang='lat' dir='ltr'>clesia</span> <span class='ocrx_word' id='word_1_658' title='bbox 1088 4743 1175 4789; x_wconf 91' lang='lat' dir='ltr'>tamen</span> <span class='ocrx_word' id='word_1_659' title='bbox 1203 4747 1251 4802; x_wconf 90' lang='lat' dir='ltr'>pro</span> <span class='ocrx_word' id='word_1_660' title='bbox 1280 4732 1442 4798; x_wconf 71' lang='lat' dir='ltr'>martyribus</span> <span class='ocrx_word' id='word_1_661' title='bbox 1469 4743 1522 4780; x_wconf 92' lang='lat' dir='ltr'>non</span> <span class='ocrx_word' id='word_1_662' title='bbox 1554 4736 1612 4779; x_wconf 80' lang='lat' dir='ltr'>orat</span> <span class='ocrx_word' id='word_1_663' title='bbox 1637 4723 1765 4792; x_wconf 87' lang='lat' dir='ltr'>quemad·</span> 
     </span>
     <span class='ocr_line' id='line_1_70' title="bbox 170 4795 1765 4870; baseline -0.015 2"><span class='ocrx_word' id='word_1_664' title='bbox 170 4801 241 4857; x_wconf 61' lang='lat'>⁸3¹·</span> <span class='ocrx_word' id='word_1_665' title='bbox 258 4801 328 4870; x_wconf 53' lang='lat' dir='ltr'>ldie</span> <span class='ocrx_word' id='word_1_666' title='bbox 341 4811 379 4857; x_wconf 62' lang='grc' dir='ltr'>Μ·</span> <span class='ocrx_word' id='word_1_667' title='bbox 978 4805 1084 4856; x_wconf 81' lang='lat' dir='ltr'>morton</span> <span class='ocrx_word' id='word_1_668' title='bbox 1109 4814 1170 4857; x_wconf 89' lang='lat' dir='ltr'>orat</span> <span class='ocrx_word' id='word_1_669' title='bbox 1198 4817 1246 4866; x_wconf 84' lang='lat' dir='ltr'>pro</span> <span class='ocrx_word' id='word_1_670' title='bbox 1271 4801 1375 4856; x_wconf 75' lang='lat' dir='ltr'>ceteris</span> <span class='ocrx_word' id='word_1_671' title='bbox 1400 4799 1554 4855; x_wconf 85' lang='lat' dir='ltr'>delvmctis:</span> <span class='ocrx_word' id='word_1_672' title='bbox 1574 4795 1658 4849; x_wconf 78' lang='lat' dir='ltr'>ilriet</span> <span class='ocrx_word' id='word_1_673' title='bbox 1681 4798 1765 4850; x_wconf 73' lang='lat' dir='ltr'>eceb·</span> 
     </span>
     <span class='ocr_line' id='line_1_71' title="bbox 168 4870 1767 4943; baseline -0.014 -4"><span class='ocrx_word' id='word_1_674' title='bbox 168 4872 182 4912; x_wconf 53' lang='grc' dir='ltr'><em>ἀ</em></span> <span class='ocrx_word' id='word_1_675' title='bbox 198 4873 336 4942; x_wconf 65' lang='lat' dir='ltr'>Nssrlblltl·</span> <span class='ocrx_word' id='word_1_676' title='bbox 352 4875 421 4942; x_wconf 68' lang='lat'>[2080</span> <span class='ocrx_word' id='word_1_677' title='bbox 437 4870 556 4940; x_wconf 63' lang='lat' dir='ltr'>llssrlyrt&#39;·</span> <span class='ocrx_word' id='word_1_678' title='bbox 975 4873 1077 4928; x_wconf 85' lang='lat' dir='ltr'>siartira</span> <span class='ocrx_word' id='word_1_679' title='bbox 1097 4875 1245 4943; x_wconf 82' lang='lat' dir='ltr'>disciplina,</span> <span class='ocrx_word' id='word_1_680' title='bbox 1269 4871 1338 4942; x_wconf 84' lang='lat' dir='ltr'>qnod</span> <span class='ocrx_word' id='word_1_681' title='bbox 1352 4871 1438 4940; x_wconf 71' lang='lat' dir='ltr'>fideles</span> <span class='ocrx_word' id='word_1_682' title='bbox 1453 4883 1517 4921; x_wconf 85' lang='lat' dir='ltr'>noue</span> <span class='ocrx_word' id='word_1_683' title='bbox 1525 4877 1592 4930; x_wconf 77' lang='lat' dir='ltr'>sut,</span> <span class='ocrx_word' id='word_1_684' title='bbox 1616 4881 1677 4919; x_wconf 84' lang='lat' dir='ltr'>cum</span> <span class='ocrx_word' id='word_1_685' title='bbox 1701 4881 1767 4917; x_wconf 83' lang='lat' dir='ltr'>mar·</span> 
     </span>
     <span class='ocr_line' id='line_1_72' title="bbox 171 4938 1765 5013; baseline -0.007 -15"><span class='ocrx_word' id='word_1_686' title='bbox 171 4942 408 4997; x_wconf 67' lang='lat' dir='ltr'>‘adversitatibus</span> <span class='ocrx_word' id='word_1_687' title='bbox 430 4941 676 5012; x_wconf 78' lang='lat' dir='ltr'>Addeejusqlorioe</span> <span class='ocrx_word' id='word_1_688' title='bbox 696 4944 833 5013; x_wconf 78' lang='lat' dir='ltr'>participer</span> <span class='ocrx_word' id='word_1_689' title='bbox 852 4941 922 4997; x_wconf 87' lang='lat' dir='ltr'>elllcl</span> <span class='ocrx_word' id='word_1_690' title='bbox 977 4951 1044 5012; x_wconf 80' lang='lat' dir='ltr'>tprea</span> <span class='ocrx_word' id='word_1_691' title='bbox 1061 4945 1158 4998; x_wconf 77' lang='lat' dir='ltr'>erroro</span> <span class='ocrx_word' id='word_1_692' title='bbox 1177 4945 1319 4997; x_wconf 82' lang='lat' dir='ltr'>recitoutrr</span> <span class='ocrx_word' id='word_1_693' title='bbox 1337 4942 1372 4995; x_wconf 84' lang='lat' dir='ltr'>od</span> <span class='ocrx_word' id='word_1_694' title='bbox 1392 4941 1472 4994; x_wconf 82' lang='lat' dir='ltr'>altere</span> <span class='ocrx_word' id='word_1_695' title='bbox 1501 4938 1556 4999; x_wconf 82' lang='lat' dir='ltr'>liei.</span> <span class='ocrx_word' id='word_1_696' title='bbox 1583 4938 1626 4989; x_wconf 79' lang='lat' dir='ltr'>ert</span> <span class='ocrx_word' id='word_1_697' title='bbox 1647 4952 1700 4988; x_wconf 79' lang='lat' dir='ltr'>riou</span> <span class='ocrx_word' id='word_1_698' title='bbox 1720 4950 1765 5002; x_wconf 82' lang='lat' dir='ltr'>pre</span> 
     </span>
     <span class='ocr_line' id='line_1_73' title="bbox 133 5006 1765 5084; baseline -0.014 -4"><span class='ocrx_word' id='word_1_699' title='bbox 133 5027 297 5068; x_wconf 57' lang='lat' dir='ltr'>mmmm?-</span> <span class='ocrx_word' id='word_1_700' title='bbox 976 5014 1038 5079; x_wconf 84' lang='lat' dir='ltr'>ipsis</span> <span class='ocrx_word' id='word_1_701' title='bbox 1066 5026 1161 5070; x_wconf 87' lang='lat' dir='ltr'>oretur.</span> <span class='ocrx_word' id='word_1_702' title='bbox 1183 5030 1230 5084; x_wconf 87' lang='lat' dir='ltr'>pro</span> <span class='ocrx_word' id='word_1_703' title='bbox 1244 5013 1342 5067; x_wconf 79' lang='lat' dir='ltr'>ceteris</span> <span class='ocrx_word' id='word_1_704' title='bbox 1361 5023 1445 5065; x_wconf 86' lang='lat' dir='ltr'>autem</span> <span class='ocrx_word' id='word_1_705' title='bbox 1459 5007 1665 5062; x_wconf 71' lang='lat' dir='ltr'>commemoratis</span> <span class='ocrx_word' id='word_1_706' title='bbox 1676 5006 1765 5071; x_wconf 74' lang='lat' dir='ltr'>deira·</span> 
     </span>
     <span class='ocr_line' id='line_1_74' title="bbox 171 5078 1766 5160; baseline -0.009 -18"><span class='ocrx_word' id='word_1_707' title='bbox 171 5081 182 5122; x_wconf 81' lang='lat'><strong><em>¹</em></strong></span> <span class='ocrx_word' id='word_1_708' title='bbox 197 5083 229 5137; x_wconf 89' lang='lat' dir='ltr'>lu</span> <span class='ocrx_word' id='word_1_709' title='bbox 240 5091 321 5136; x_wconf 82' lang='lat' dir='ltr'>ultore</span> <span class='ocrx_word' id='word_1_710' title='bbox 332 5092 412 5135; x_wconf 86' lang='lat' dir='ltr'>tueor.</span> <span class='ocrx_word' id='word_1_711' title='bbox 426 5082 463 5136; x_wconf 89' lang='lat' dir='ltr'>be</span> <span class='ocrx_word' id='word_1_712' title='bbox 477 5083 528 5136; x_wconf 83' lang='lat' dir='ltr'>bae</span> <span class='ocrx_word' id='word_1_713' title='bbox 547 5081 668 5136; x_wconf 87' lang='lat' dir='ltr'>oratione</span> <span class='ocrx_word' id='word_1_714' title='bbox 679 5082 741 5137; x_wconf 87' lang='lat' dir='ltr'>ride</span> <span class='ocrx_word' id='word_1_715' title='bbox 755 5097 814 5151; x_wconf 77' lang='lat' dir='ltr'>qna·</span> <span class='ocrx_word' id='word_1_716' title='bbox 827 5084 920 5139; x_wconf 76' lang='lat' dir='ltr'>orituri</span> <span class='ocrx_word' id='word_1_717' title='bbox 976 5086 1022 5136; x_wconf 82' lang='lat' dir='ltr'>ctu</span> <span class='ocrx_word' id='word_1_718' title='bbox 1037 5096 1144 5148; x_wconf 84' lang='lat' dir='ltr'>ororer‚·</span> <span class='ocrx_word' id='word_1_719' title='bbox 1157 5085 1252 5154; x_wconf 75' lang='lat' dir='ltr'>numia</span> <span class='ocrx_word' id='word_1_720' title='bbox 1262 5092 1299 5137; x_wconf 84' lang='lat' dir='ltr'>ert</span> <span class='ocrx_word' id='word_1_721' title='bbox 1318 5084 1385 5138; x_wconf 85' lang='lat' dir='ltr'>euim</span> <span class='ocrx_word' id='word_1_722' title='bbox 1399 5097 1445 5150; x_wconf 77' lang='lat' dir='ltr'>pro</span> <span class='ocrx_word' id='word_1_723' title='bbox 1458 5090 1570 5160; x_wconf 74' lang='lat' dir='ltr'>ovorrqre</span> <span class='ocrx_word' id='word_1_724' title='bbox 1585 5092 1673 5142; x_wconf 80' lang='lat' dir='ltr'>orare,</span> <span class='ocrx_word' id='word_1_725' title='bbox 1694 5078 1766 5145; x_wconf 72' lang='lat' dir='ltr'>cajus</span> 
     </span>
     <span class='ocr_line' id='line_1_75' title="bbox 134 5148 1765 5297; baseline -0.004 -24"><span class='ocrx_word' id='word_1_726' title='bbox 134 5155 328 5297; x_wconf 50' lang='grc' dir='ltr'>1ηξ’ῗιιιιῗιριο</span> <span class='ocrx_word' id='word_1_727' title='bbox 344 5223 423 5277; x_wconf 83' lang='lat' dir='ltr'>illius.</span> <span class='ocrx_word' id='word_1_728' title='bbox 447 5221 486 5276; x_wconf 76' lang='lat' dir='ltr'>dcl</span> <span class='ocrx_word' id='word_1_729' title='bbox 511 5221 594 5276; x_wconf 91' lang='lat' dir='ltr'>altare</span> <span class='ocrx_word' id='word_1_730' title='bbox 616 5222 788 5278; x_wconf 63' lang='lat' dir='ltr'>nrvnvinantur</span> <span class='ocrx_word' id='word_1_731' title='bbox 812 5224 921 5291; x_wconf 82' lang='lat' dir='ltr'>quidem</span> <span class='ocrx_word' id='word_1_732' title='bbox 974 5148 1765 5301; x_wconf 38' lang='lat' dir='ltr'>NNqudsNrtrNraf83:erON&#39;N?⁸decNNN¹eNpN:t.{¹32erae</span> 
     </span>
     <span class='ocr_line' id='line_1_76' title="bbox 136 5286 1763 5366; baseline -0.006 -17"><span class='ocrx_word' id='word_1_733' title='bbox 136 5306 266 5366; x_wconf 83' lang='lat' dir='ltr'>vttartyres</span> <span class='ocrx_word' id='word_1_734' title='bbox 282 5315 288 5348; x_wconf 83' lang='lat'><em>2</em></span> <span class='ocrx_word' id='word_1_735' title='bbox 305 5295 416 5364; x_wconf 73' lang='lat' dir='ltr'>Nequius</span> <span class='ocrx_word' id='word_1_736' title='bbox 438 5294 504 5347; x_wconf 85' lang='lat' dir='ltr'>enim</span> <span class='ocrx_word' id='word_1_737' title='bbox 520 5293 600 5345; x_wconf 84' lang='lat' dir='ltr'>bonor</span> <span class='ocrx_word' id='word_1_738' title='bbox 615 5302 651 5348; x_wconf 83' lang='lat' dir='ltr'>ert</span> <span class='ocrx_word' id='word_1_739' title='bbox 666 5296 793 5347; x_wconf 88' lang='lat' dir='ltr'>nominari</span> <span class='ocrx_word' id='word_1_740' title='bbox 813 5294 921 5348; x_wconf 83' lang='lat' dir='ltr'>llomino</span> <span class='ocrx_word' id='word_1_741' title='bbox 973 5291 1046 5349; x_wconf 81' lang='lat' dir='ltr'>Edit.</span> <span class='ocrx_word' id='word_1_742' title='bbox 1065 5295 1164 5355; x_wconf 79' lang='lat' dir='ltr'>linior..</span> <span class='ocrx_word' id='word_1_743' title='bbox 1179 5296 1227 5348; x_wconf 81' lang='lat' dir='ltr'>col¹</span> <span class='ocrx_word' id='word_1_744' title='bbox 1241 5295 1315 5357; x_wconf 77' lang='lat' dir='ltr'>trist,</span> <span class='ocrx_word' id='word_1_745' title='bbox 1338 5294 1382 5361; x_wconf 91' lang='lat' dir='ltr'>qni</span> <span class='ocrx_word' id='word_1_746' title='bbox 1406 5304 1535 5343; x_wconf 67' lang='lat' dir='ltr'>varvuumrn</span> <span class='ocrx_word' id='word_1_747' title='bbox 1552 5289 1640 5342; x_wconf 87' lang='lat' dir='ltr'>revlrlvt</span> <span class='ocrx_word' id='word_1_748' title='bbox 1666 5286 1763 5353; x_wconf 79' lang='lat' dir='ltr'>(Serri.</span> 
     </span>
     <span class='ocr_line' id='line_1_77' title="bbox 135 5353 1765 5436; baseline -0.005 -22"><span class='ocrx_word' id='word_1_749' title='bbox 135 5381 190 5430; x_wconf 81' lang='lat' dir='ltr'>pror</span> <span class='ocrx_word' id='word_1_750' title='bbox 203 5378 268 5436; x_wconf 80' lang='lat' dir='ltr'>eote,</span> <span class='ocrx_word' id='word_1_751' title='bbox 283 5367 344 5418; x_wconf 87' lang='lat' dir='ltr'>dum</span> <span class='ocrx_word' id='word_1_752' title='bbox 358 5380 427 5417; x_wconf 83' lang='lat' dir='ltr'>stturs</span> <span class='ocrx_word' id='word_1_753' title='bbox 437 5365 482 5416; x_wconf 84' lang='lat' dir='ltr'>illo</span> <span class='ocrx_word' id='word_1_754' title='bbox 497 5364 639 5432; x_wconf 68' lang='lat' dir='ltr'>perficitur,</span> <span class='ocrx_word' id='word_1_755' title='bbox 655 5365 816 5419; x_wconf 81' lang='lat' dir='ltr'>viretueadum</span> <span class='ocrx_word' id='word_1_756' title='bbox 837 5366 922 5418; x_wconf 82' lang='lat' dir='ltr'>socri·</span> <span class='ocrx_word' id='word_1_757' title='bbox 972 5365 1036 5431; x_wconf 77' lang='lat' dir='ltr'>stt,</span> <span class='ocrx_word' id='word_1_758' title='bbox 1050 5369 1185 5428; x_wconf 77' lang='lat' dir='ltr'>desciret,</span> <span class='ocrx_word' id='word_1_759' title='bbox 1201 5374 1220 5418; x_wconf 88' lang='lat' dir='ltr'>t.</span> <span class='ocrx_word' id='word_1_760' title='bbox 1235 5363 1268 5427; x_wconf 74' lang='lat' dir='ltr'>V,</span> <span class='ocrx_word' id='word_1_761' title='bbox 1283 5364 1332 5417; x_wconf 86' lang='lat' dir='ltr'>rol.</span> <span class='ocrx_word' id='word_1_762' title='bbox 1347 5360 1436 5432; x_wconf 80' lang='lat' dir='ltr'>lili).</span> <span class='ocrx_word' id='word_1_763' title='bbox 1456 5361 1511 5413; x_wconf 77' lang='lat' dir='ltr'>brec</span> <span class='ocrx_word' id='word_1_764' title='bbox 1523 5359 1649 5412; x_wconf 90' lang='lat' dir='ltr'>nirnirnm</span> <span class='ocrx_word' id='word_1_765' title='bbox 1667 5373 1675 5411; x_wconf 94' lang='lat'>:</span> <span class='ocrx_word' id='word_1_766' title='bbox 1695 5353 1765 5409; x_wconf 68' lang='lat' dir='ltr'>Nare</span> 
     </span>
     <span class='ocr_line' id='line_1_78' title="bbox 135 5427 1764 5518; baseline -0.006 -32"><span class='ocrx_word' id='word_1_767' title='bbox 135 5433 233 5502; x_wconf 74' lang='lat' dir='ltr'>ficium,</span> <span class='ocrx_word' id='word_1_768' title='bbox 248 5435 387 5505; x_wconf 72' lang='lat' dir='ltr'>ineffabilia</span> <span class='ocrx_word' id='word_1_769' title='bbox 406 5434 537 5503; x_wconf 81' lang='lat' dir='ltr'>urystert&#39;u.</span> <span class='ocrx_word' id='word_1_770' title='bbox 558 5433 590 5487; x_wconf 81' lang='lat' dir='ltr'>Et</span> <span class='ocrx_word' id='word_1_771' title='bbox 610 5433 677 5490; x_wconf 81' lang='lat' dir='ltr'>inira</span> <span class='ocrx_word' id='word_1_772' title='bbox 695 5452 702 5491; x_wconf 72' lang='grc' dir='ltr'>ε</span> <span class='ocrx_word' id='word_1_773' title='bbox 719 5435 840 5503; x_wconf 83' lang='lat' dir='ltr'>Quaudin</span> <span class='ocrx_word' id='word_1_774' title='bbox 860 5451 921 5506; x_wconf 88' lang='lat' dir='ltr'>pro·</span> <span class='ocrx_word' id='word_1_775' title='bbox 973 5444 1058 5506; x_wconf 80' lang='lat' dir='ltr'>tyrrrm</span> <span class='ocrx_word' id='word_1_776' title='bbox 1072 5437 1185 5518; x_wconf 70' lang='lat' dir='ltr'>perlecta</span> <span class='ocrx_word' id='word_1_777' title='bbox 1204 5435 1308 5509; x_wconf 72' lang='lat' dir='ltr'>justitio</span> <span class='ocrx_word' id='word_1_778' title='bbox 1325 5432 1504 5500; x_wconf 80' lang='lat' dir='ltr'>est.qrrorrr&#39;unr</span> <span class='ocrx_word' id='word_1_779' title='bbox 1517 5430 1543 5482; x_wconf 86' lang='lat' dir='ltr'>io</span> <span class='ocrx_word' id='word_1_780' title='bbox 1565 5430 1624 5497; x_wconf 83' lang='lat' dir='ltr'>ipre</span> <span class='ocrx_word' id='word_1_781' title='bbox 1646 5427 1764 5493; x_wconf 73' lang='lat' dir='ltr'>passione</span> 
     </span>
     <span class='ocr_line' id='line_1_79' title="bbox 135 5499 1765 5576; baseline -0.004 -22"><span class='ocrx_word' id='word_1_782' title='bbox 135 5512 204 5554; x_wconf 85' lang='lat' dir='ltr'>rtont</span> <span class='ocrx_word' id='word_1_783' title='bbox 216 5507 345 5574; x_wconf 75' lang='lat' dir='ltr'>mysterio,</span> <span class='ocrx_word' id='word_1_784' title='bbox 357 5505 472 5559; x_wconf 81' lang='lat' dir='ltr'>omnibus</span> <span class='ocrx_word' id='word_1_785' title='bbox 484 5504 699 5558; x_wconf 69' lang='lat' dir='ltr'>honoraverimus</span> <span class='ocrx_word' id='word_1_786' title='bbox 713 5517 749 5559; x_wconf 83' lang='lat' dir='ltr'>est</span> <span class='ocrx_word' id='word_1_787' title='bbox 761 5507 787 5559; x_wconf 87' lang='lat' dir='ltr'>in</span> <span class='ocrx_word' id='word_1_788' title='bbox 797 5508 921 5561; x_wconf 82' lang='lat' dir='ltr'>mensoria</span> <span class='ocrx_word' id='word_1_789' title='bbox 972 5507 1077 5576; x_wconf 69' lang='lat' dir='ltr'>perlecto</span> <span class='ocrx_word' id='word_1_790' title='bbox 1097 5517 1176 5569; x_wconf 79' lang='lat' dir='ltr'>tarot:</span> <span class='ocrx_word' id='word_1_791' title='bbox 1198 5508 1254 5560; x_wconf 87' lang='lat' dir='ltr'>ideo</span> <span class='ocrx_word' id='word_1_792' title='bbox 1275 5521 1320 5574; x_wconf 80' lang='lat' dir='ltr'>pro</span> <span class='ocrx_word' id='word_1_793' title='bbox 1347 5503 1399 5556; x_wconf 88' lang='lat' dir='ltr'>illis</span> <span class='ocrx_word' id='word_1_794' title='bbox 1417 5503 1443 5554; x_wconf 87' lang='lat' dir='ltr'>in</span> <span class='ocrx_word' id='word_1_795' title='bbox 1459 5499 1572 5554; x_wconf 78' lang='lat' dir='ltr'>Ecclesia</span> <span class='ocrx_word' id='word_1_796' title='bbox 1591 5515 1643 5552; x_wconf 83' lang='lat' dir='ltr'>nott</span> <span class='ocrx_word' id='word_1_797' title='bbox 1665 5507 1765 5559; x_wconf 81' lang='lat' dir='ltr'>orstsr.</span> 
     </span>
    </p>
   </div>
   <div class='ocr_carea' id='block_1_15' title="bbox 133 5565 1767 5790">
    <p class='ocr_par' dir='ltr' id='par_1_19' title="bbox 133 5565 1767 5790">
     <span class='ocr_line' id='line_1_80' title="bbox 136 5565 1767 5649; baseline -0.005 -23"><span class='ocrx_word' id='word_1_798' title='bbox 136 5573 236 5636; x_wconf 76' lang='lat' dir='ltr'>doleri,</span> <span class='ocrx_word' id='word_1_799' title='bbox 260 5576 344 5643; x_wconf 89' lang='lat' dir='ltr'>inquit</span> <span class='ocrx_word' id='word_1_800' title='bbox 368 5584 476 5629; x_wconf 88' lang='lat' dir='ltr'>sanctus</span> <span class='ocrx_word' id='word_1_801' title='bbox 502 5573 708 5644; x_wconf 75' lang='lat' dir='ltr'>thrysostnmus</span> <span class='ocrx_word' id='word_1_802' title='bbox 729 5575 821 5646; x_wconf 81' lang='lat' dir='ltr'>(llorn.</span> <span class='ocrx_word' id='word_1_803' title='bbox 841 5576 872 5629; x_wconf 64' lang='lat' dir='ltr'>bl</span> <span class='ocrx_word' id='word_1_804' title='bbox 897 5578 924 5630; x_wconf 90' lang='lat' dir='ltr'>in</span> <span class='ocrx_word' id='word_1_805' title='bbox 978 5591 1025 5646; x_wconf 83' lang='lat' dir='ltr'>pro</span> <span class='ocrx_word' id='word_1_806' title='bbox 1041 5579 1098 5632; x_wconf 84' lang='lat' dir='ltr'>ullis</span> <span class='ocrx_word' id='word_1_807' title='bbox 1119 5577 1236 5649; x_wconf 76' lang='lat' dir='ltr'>fidelibus</span> <span class='ocrx_word' id='word_1_808' title='bbox 1251 5577 1377 5646; x_wconf 75' lang='lat' dir='ltr'>defunctis</span> <span class='ocrx_word' id='word_1_809' title='bbox 1391 5581 1497 5634; x_wconf 76' lang='lat' dir='ltr'>oratur,-</span> <span class='ocrx_word' id='word_1_810' title='bbox 1512 5579 1564 5623; x_wconf 89' lang='grc' dir='ltr'>ιιιιιι</span> <span class='ocrx_word' id='word_1_811' title='bbox 1578 5569 1648 5623; x_wconf 86' lang='lat' dir='ltr'>rrrirrr</span> <span class='ocrx_word' id='word_1_812' title='bbox 1662 5565 1767 5648; x_wconf 61' lang='lat' dir='ltr'>WN‘N</span> 
     </span>
     <span class='ocr_line' id='line_1_81' title="bbox 135 5639 1715 5713; baseline -0.005 -15"><span class='ocrx_word' id='word_1_813' title='bbox 135 5643 193 5698; x_wconf 81' lang='lat' dir='ltr'>Art.</span> <span class='ocrx_word' id='word_1_814' title='bbox 217 5653 313 5712; x_wconf 75' lang='lat' dir='ltr'>opust,</span> <span class='ocrx_word' id='word_1_815' title='bbox 338 5645 416 5710; x_wconf 83' lang='lat' dir='ltr'>vprr.</span> <span class='ocrx_word' id='word_1_816' title='bbox 433 5642 567 5708; x_wconf 71' lang='lat' dir='ltr'>tre-tu..</span> <span class='ocrx_word' id='word_1_817' title='bbox 593 5643 642 5697; x_wconf 78' lang='lat' dir='ltr'>br.</span> <span class='ocrx_word' id='word_1_818' title='bbox 669 5643 773 5710; x_wconf 70' lang='lat' dir='ltr'>dirior..</span> <span class='ocrx_word' id='word_1_819' title='bbox 789 5657 849 5699; x_wconf 88' lang='lat' dir='ltr'>tout.</span> <span class='ocrx_word' id='word_1_820' title='bbox 868 5645 922 5711; x_wconf 78' lang='lat' dir='ltr'>ta,</span> <span class='ocrx_word' id='word_1_821' title='bbox 977 5648 1091 5704; x_wconf 76' lang='lat' dir='ltr'>exierunt</span> <span class='ocrx_word' id='word_1_822' title='bbox 1107 5658 1134 5702; x_wconf 87' lang='lat' dir='ltr'>ut</span> <span class='ocrx_word' id='word_1_823' title='bbox 1156 5664 1205 5703; x_wconf 88' lang='lat' dir='ltr'>non</span> <span class='ocrx_word' id='word_1_824' title='bbox 1217 5651 1266 5701; x_wconf 86' lang='lat' dir='ltr'>abu</span> <span class='ocrx_word' id='word_1_825' title='bbox 1287 5643 1397 5713; x_wconf 82' lang='lat' dir='ltr'>srrrccpti</span> <span class='ocrx_word' id='word_1_826' title='bbox 1413 5641 1505 5709; x_wconf 76' lang='lat' dir='ltr'>nostri,</span> <span class='ocrx_word' id='word_1_827' title='bbox 1526 5639 1571 5696; x_wconf 84' lang='lat' dir='ltr'>red</span> <span class='ocrx_word' id='word_1_828' title='bbox 1583 5640 1715 5694; x_wconf 80' lang='lat' dir='ltr'>aduocati.</span> 
     </span>
     <span class='ocr_line' id='line_1_82' title="bbox 133 5711 921 5790; baseline 0.006 -23"><span class='ocrx_word' id='word_1_829' title='bbox 133 5735 196 5790; x_wconf 71' lang='lat' dir='ltr'>pop,</span> <span class='ocrx_word' id='word_1_830' title='bbox 227 5714 307 5786; x_wconf 81' lang='lat' dir='ltr'>lib&#39;).</span> <span class='ocrx_word' id='word_1_831' title='bbox 333 5711 384 5768; x_wconf 87' lang='lat' dir='ltr'>l&#39;ro</span> <span class='ocrx_word' id='word_1_832' title='bbox 411 5713 573 5782; x_wconf 79' lang='lat' dir='ltr'>rttsrtyribns</span> <span class='ocrx_word' id='word_1_833' title='bbox 595 5714 675 5768; x_wconf 84' lang='lat' dir='ltr'>ctiam</span> <span class='ocrx_word' id='word_1_834' title='bbox 700 5714 811 5771; x_wconf 82' lang='lat' dir='ltr'>elirrtttr</span> <span class='ocrx_word' id='word_1_835' title='bbox 841 5716 921 5773; x_wconf 78' lang='lat' dir='ltr'>sacri-</span> 
     </span>
    </p>
   </div>
   <div class='ocr_carea' id='block_1_16' title="bbox 0 0 1908 6100">
    <p class='ocr_par' dir='ltr' id='par_1_20' title="bbox 0 0 1908 6100">
     <span class='ocr_line' id='line_1_83' title="bbox 0 0 1908 6100; baseline 0 0"><span class='ocrx_word' id='word_1_836' title='bbox 0 0 1908 6100; x_wconf 95' lang='lat' dir='ltr'> </span> 
     </span>
    </p>
   </div>
  </div>
 </body>
</html>
